1852 3141
155 347 216 381 (30)

152 389 216 413 604.

138 428 226 452 Mart.

91 1407 142 1441 ·p.
166 1410 232 1435 127.

243 118 311 149 158
448 116 591 148 PAULI
618 115 848 149 HISTORIA
875 115 1320 148 LANGOBARDORUM.
1373 116 1466 147 LIB.
1494 116 1555 147 IV.

241 244 365 270 suum
395 227 658 268 dimicarunt.
717 226 766 266 In
790 239 872 281 quo
905 226 1131 266 certamine
1159 241 1213 267 ex
1242 234 1418 282 utraque
1449 233 1567 282 parte
1597 226 1727 267 multa

241 284 358 324 milia
387 282 640 323 ceciderunt.

352 339 417 379 ΞΕ).
478 338 597 378 Tunc
634 337 759 377 etiam
798 335 974 377 beatusa
1018 350 1130 391 papa
1170 336 1400 392 Gregorius
1437 339 1635 393 migravit
1675 338 1727 378 ad

244 394 474 446 Christum,
529 408 625 433 cum
670 393 754 432 iam
792 392 928 432 Focas
965 407 1041 446 per
1079 391 1351 434 indictionem
1391 401 1580 434 octavam
1617 409 1727 435 anno

241 455 437 505 regnaret
467 448 651 489 secundo
670 456 695 488 ¹.
756 447 888 489 Cuius
919 448 963 487 in
992 447 1162 488 loeumb
1199 448 1253 489 ad
1283 448 1608 503 apostolicatusc
1639 450 1726 490 offi-

241 507 352 546 cium
394 505 649 546 Savinianus
689 510 751 544 est
790 504 1004 544 ordinatus
1019 511 1046 544 2.
1104 504 1206 545 Fuit
1244 512 1384 545 autem
1422 505 1553 545 tuncd
1593 505 1727 546 hiems

239 561 420 617 frigidae
452 561 590 613 nimis,
621 567 662 601 et
682 566 871 601 mortuae
904 567 1002 600 sunt
1029 560 1135 601 vites
1165 575 1271 615 pene
1301 559 1366 600 ins
1395 560 1589 601 omnibus
1612 560 1729 605 locis,

240 617 401 658 Messes
445 631 613 672 quoque
659 616 812 671 partim
849 622 1067 657 vastatae&
1116 622 1213 656 sunt
1251 630 1276 656 a
1314 616 1528 668 muribus,
1576 617 1727 670 partim

240 688 467 729 percussae
498 672 672 713 uredine
694 679 966 713 evanuerunt.
1025 670 1189 712 Debuit
1216 672 1396 712 etenimh
1427 678 1526 712 tune
1547 672 1728 713 mundus

240 730 377 770 famei
411 729 608 783 sitimque
637 728 763 783 pati3,
796 727 963 783 quando
993 727 1215 768 recedente
1241 734 1355 769 tanto
1378 727 1547 768 doctore
1569 728 1730 768 animas

241 785 460 826 hominum
493 784 690 839 spiritalis
722 783 943 824 alimoniae
964 784 1141 838 penuria
1162 784 1336 839 sitisque
1358 783 1532 824 ariditas
1561 784 1728 825 invasit.

241 840 366 882 Libet
386 856 485 882 sane
507 855 573 881 me
589 840 755 895 paucak
778 840 829 880 de
847 839 1035 880 eiusdem
1051 840 1163 881 beati
1181 839 1379 894 Gregorii
1395 854 1530 894 papae
1548 839 1730 894 quadam

242 895 440 952 epistola¹
463 896 597 936 huicm
619 894 822 951 opusculo
843 896 1038 946 inserere,
1070 903 1143 936 utn
1170 896 1302 950 possit
1322 894 1522 950 liquidius
1544 896 1731 950 agnosci,

244 960 398 1008 quam⁰
429 951 598 993 humilis
620 952 696 992 iste
726 952 792 991 vir
821 951 946 992 fuerit
966 959 1230 1007 quantaeque
1250 952 1515 993 innocentiae
1545 959 1585 992 et
1613 965 1730 992 sanc-

242 1009 385 1050 titatis.
443 1008 526 1048 Hic
549 1007 730 1062 denique
753 1022 849 1047 cum
871 1014 1093 1048 accusatus
1114 1014 1216 1063 aput
1237 1007 1485 1048 Mauritium
1505 1014 1731 1061 augustum

244 1071 286 1105 et
324 1065 414 1105 eius
453 1063 565 1104 filioP
604 1063 769 1115 fuisset,
817 1062 931 1118 quod
972 1062 1159 1103 Maleum
1173 1071 1189 1097 ¹1
1233 1063 1445 1118 quendam
1482 1063 1730 1118 episcopum

244 1120 288 1160 in
333 1119 548 1160 custodiar
597 1133 673 1174 pro
719 1117 862 1159 solidis
917 1118 1155 1167 occidisset,
1206 1119 1394 1160 scribens
1437 1133 1513 1174 pro
1558 1118 1636 1159 hac
1686 1134 1731 1160 re

245 1174 468 1230 epistulam
515 1175 765 1215 savinianos
798 1188 872 1215 suo
903 1174 1218 1229 apochrisafioss
1256 1175 1327 1230 qui
1357 1183 1446 1216 erat
1488 1182 1592 1229 aput
1623 1174 1732 1216 Con·-

246 1230 576 1286 stantinopolim,
606 1231 714 1271 inter
735 1236 873 1271 cetera
895 1230 954 1270 sie
985 1230 1084 1271 ait42
1145 1230 1301 1271 ‘Unum
1323 1237 1385 1271 est
1415 1230 1529 1285 quod
1548 1230 1732 1272 breviter

246 1301 451 1342 suggeras
482 1285 788 1327 serenissimis¹¹
824 1285 1005 1326 dominis
1034 1287 1200 1339 nostris,
1231 1286 1341 1341 quia,
1381 1286 1444 1326 siV
1476 1300 1553 1340 ego
1586 1300 1731 1326 servus

247 1357 392 1384 eorum
421 1343 465 1383 in
494 1349 657 1383 mortew
688 1341 757 1382 vel
776 1340 1174 1397 Langobardorumx
1205 1357 1271 1383 me
1291 1343 1468 1382 miscere
1489 1341 1730 1394 voluissem,

246 1398 370 1439 hodie
410 1397 824 1452 LangobardorumY
879 1412 983 1452 gens
1028 1413 1107 1439 nec
1149 1413 1292 1453 regem
1329 1412 1406 1438 nee
1454 1397 1583 1438 duces
1628 1400 1731 1438 *nec

248 1455 423 1496 comites
458 1454 631 1496 haberet
671 1460 798 1509 atque
838 1454 908 1494 inz
951 1468 1117 1494 summa
1155 1453 1401 1495 confusione
1442 1453 1576 1494 divisa
1611 1459 1730 1494 esset.

248 1510 334 1552 Sed
374 1511 474 1566 quia
512 1510 655 1550 Deum
694 1510 835 1561 timeo,
877 1510 921 1550 in
957 1516 1119 1551 mortea
1168 1509 1392 1551 cuiuslibet
1438 1509 1617 1549 hominis
1663 1523 1731 1550 me

247 1567 452 1608 miscereh
489 1565 683 1607 formido.
751 1564 914 1606 Maleus
953 1572 1095 1606 autem
1144 1566 1305 1607 isdemc
1345 1565 1543 1621 episopus
1591 1579 1730 1620 neque

246 1699 276 1732 a)
299 1702 421 1724 sauctus
445 1699 481 1724 G.
504 1706 532 1730 p.
556 1698 582 1723 G
604 1699 639 1729 43
661 1705 741 1730 papa
763 1699 834 1723 deest
857 1699 880 1723 B
906 1699 930 1724 1.
957 1699 982 1723 2.
1065 1698 1096 1731 b)
1118 1698 1186 1723 loco
1211 1698 1245 1721 G.
1337 1696 1364 1729 c)
1387 1697 1573 1729 apostolatus
1598 1697 1729 1730 (aposto-

246 1739 323 1764 latos
353 1738 375 1764 C
397 1737 439 1770 ⁸1)
462 1739 489 1762 A
511 1738 537 1763 5.
560 1739 584 1763 B
609 1740 656 1763 la.
690 1738 716 1762 2.
740 1738 772 1763 C.
803 1738 840 1762 D.
873 1738 896 1762 F
919 1738 944 1763 5.
968 1737 997 1762 Η
1021 1738 1046 1765 l.
1146 1736 1176 1768 d)
1199 1737 1271 1761 deest
1292 1737 1325 1762 F.
1349 1736 1390 1767 G;
1423 1739 1523 1762 autem
1557 1737 1628 1760 deest
1650 1736 1677 1760 D
1701 1736 1728 1761 3.

245 1777 274 1809 e)
297 1778 440 1808 frigidam
462 1778 485 1801 F
508 1780 534 1802 1.
636 1777 659 1809 f)
679 1777 750 1801 deest
771 1777 795 1801 B
821 1778 845 1801 1.
947 1776 976 1807 g)
1000 1779 1135 1801 vastatae
1167 1789 1201 1794 -—
1233 1776 1344 1807 partim
1376 1776 1430 1801 des.
1453 1775 1485 1801 C.
1508 1776 1545 1799 D.
1568 1776 1592 1800 Ε
1617 1777 1631 1800 1
1655 1775 1730 1807 (post

245 1816 366 1848 suppl).
390 1815 466 1842 F‘2.
548 1814 578 1848 h)
602 1817 683 1841 enim
705 1815 731 1839 A
745 1816 771 1841 2.
853 1813 874 1847 i)
898 1815 938 1839 ita
959 1815 985 1838 A
1000 1816 1023 1840 1.
1048 1817 1073 1840 2.
1098 1813 1136 1839 ⁸4.
1158 1816 1182 1840 B
1198 1817 1223 1839 1.
1248 1815 1273 1839 2.
1297 1815 1320 1839 F
1335 1816 1367 1845 13
1393 1815 1493 1839 famae
1517 1814 1542 1839 G
1567 1816 1598 1845 13
1621 1815 1731 1845 sitique

245 1857 358 1888 partim
380 1856 403 1880 B
427 1856 458 1886 13
490 1855 601 1886 sitique
622 1855 724 1885 perire
745 1855 769 1878 B
792 1854 818 1878 2.
910 1853 941 1886 k)
965 1855 1036 1878 deest
1064 1854 1088 1878 B
1113 1855 1138 1878 1.
1169 1853 1190 1878 C
1214 1854 1239 1878 2.
1331 1853 1352 1886 1)
1377 1854 1536 1885 epistolam
1558 1854 1581 1877 F
1606 1855 1632 1879 1.
1656 1853 1681 1878 G
1706 1855 1731 1886 1,

246 1898 270 1919 ec
292 1895 332 1919 ita
354 1895 385 1918 in
419 1895 566 1926 archetypo
590 1893 684 1924 fuisse
701 1893 847 1924 putarim-3
882 1893 1035 1923 quandam
1066 1893 1226 1924 epistolam
1250 1892 1282 1919 C.
1305 1893 1332 1917 D
1358 1895 1371 1917 1
1407 1893 1492 1926 (corr.
1516 1893 1646 1923 quadam
1669 1893 1731 1924 epi-

245 1932 347 1965 stola).
369 1933 394 1957 2.
426 1934 450 1958 E
475 1934 499 1957 1.
523 1934 546 1957 F
570 1933 594 1959 2.
617 1933 644 1958 4.
666 1933 680 1957 1
703 1934 730 1957 1.
752 1933 787 1963 23
818 1933 970 1962 quandam
1004 1932 1168 1964 (quendam
1192 1933 1220 1966 1)
1253 1939 1380 1963 paucam
1413 1932 1572 1963 epistolam
1604 1932 1628 1956 B
1652 1933 1678 1957 1.
1704 1932 1730 1956 2.

247 1972 287 2005 m)
310 1973 361 1997 vix
384 1971 410 1996 A
434 1973 465 2002 ἒς
488 1972 567 1997 huuc
588 1972 611 1996 F
635 1973 661 1996 1.
748 1970 780 2003 n)
804 1974 832 1996 et
854 1970 881 1996 A
905 1973 936 2002 13
960 1972 1108 1996 insereret
1129 1971 1156 1995 A
1180 1972 1211 2000 ἒς
1234 1974 1266 1996 ut
1287 1978 1300 1995 e
1321 1978 1395 1995 corr.
1418 1971 1445 1995 D
1470 1973 1494 1996 1.
1587 1969 1616 2002 o)
1640 1977 1731 2001 quam

249 2027 283 2031 —
305 2012 458 2036 Malchum
487 2014 553 2042 post
583 2011 676 2042 suppl.
708 2010 735 2034 D
758 2011 784 2035 1.
885 2009 916 2042 p)
940 2011 980 2035 ica
1010 2010 1036 2035 A
1062 2012 1086 2035 l.
1110 2012 1142 2041 43
1176 2010 1256 2035 filius
1282 2009 1391 2043 (filiu?)
1417 2010 1438 2035 C
1461 2008 1507 2040 ⁸13
1539 2009 1616 2034 filios
1637 2010 1729 2035 ceteri.

247 2051 277 2082 q)
300 2051 432 2075 Maleum
463 2058 536 2075 corr.
570 2050 722 2074 Malchum
744 2049 771 2073 A
793 2049 826 2079 2;
858 2049 996 2074 Malchus
1026 2049 1052 2074 A
1076 2048 1120 2079 '43
1153 2049 1306 2074 Malchum
1337 2050 1363 2074 A
1387 2048 1412 2073 3.
1444 2050 1468 2074 B
1493 2050 1539 2075 la.
1563 2049 1590 2073 D
1612 2050 1639 2081 1,
1671 2049 1731 2074 alii.

246 2090 271 2121 r)
296 2090 463 2115 custodiam
484 2090 507 2114 F
532 2091 557 2115 1.
581 2088 607 2114 G
630 2090 655 2115 1.
680 2089 706 2114 2.
730 2089 759 2113 3.
841 2087 866 2121 s)
889 2087 1001 2113 Savino
1024 2088 1051 2112 A
1074 2089 1099 2115 2.
1179 2087 1202 2120 t)
1225 2089 1410 2120 apocrisario
1432 2088 1458 2113 A
1481 2087 1520 2112 ¹2.
1542 2086 1582 2113 ⁸4.
1607 2089 1633 2113 5.
1660 2087 1682 2113 C
1703 2089 1729 2113 1.

245 2130 270 2154 E
294 2130 320 2155 1.
345 2129 371 2154 G
395 2130 420 2154 1,
444 2128 470 2154 2.
493 2129 507 2153 1
532 2130 565 2160 1;
587 2128 788 2160 apocrissario
813 2127 838 2153 G
858 2129 894 2159 43
917 2128 1138 2160 apocrisarium
1160 2127 1187 2151 A
1202 2128 1236 2158 43
1259 2128 1452 2159 apocrisiauo
1473 2128 1537 2152 132.
1563 2126 1589 2152 G
1603 2127 1649 2160 5a,
1670 2128 1730 2153 alii.

246 2167 277 2200 u)
303 2169 375 2193 deest
396 2169 430 2193 E.
450 2168 485 2194 F.
508 2167 543 2194 G..
625 2165 656 2199 v)
679 2167 722 2191 sic
742 2167 765 2191 F
790 2167 814 2191 1.
838 2166 865 2192 G
888 2168 913 2192 1.
937 2168 972 2197 43
995 2174 1058 2192 non
1080 2167 1123 2192 sic
1147 2166 1172 2191 G
1185 2167 1236 2197 5a3
1259 2168 1301 2192 sic
1324 2173 1384 2191 non
1409 2166 1432 2189 G
1457 2166 1551 2197 5b.c;
1573 2166 1644 2190 deest
1668 2165 1731 2193 G3.

245 2206 285 2240 w)
308 2210 436 2232 mortem
460 2207 481 2231 C
504 2208 530 2232 1.
553 2207 587 2234 F.
611 2206 637 2231 G
661 2206 750 2237 1-4;
773 2207 805 2231 in
828 2213 866 2233 m.
889 2207 944 2232 des,
968 2207 992 2231 Ε
1017 2208 1043 2231 1.
1067 2220 1101 2224 -
1124 2206 1174 2231 vel
1196 2207 1268 2230 deest
1289 2206 1316 2230 A
1339 2204 1378 2231 ’2.
1402 2205 1423 2231 C
1439 2207 1463 2231 1.
1486 2206 1553 2230 D1.
1578 2205 1641 2231 G2.
1662 2206 1731 2231 Hl.

245 2246 277 2279 x)
299 2246 571 2277 Langobardorum
595 2260 629 2264 —
651 2245 741 2270 hodie
762 2245 818 2271 des,
841 2245 864 2270 F
889 2247 902 2269 1
925 2244 1000 2278 (post
1020 2244 1139 2278 suppl.).
1165 2245 1190 2270 2.
1213 2246 1239 2270 3.
1263 2245 1304 2277 G3
1327 2252 1424 2270 eorum
1444 2245 1504 2269 loco
1525 2244 1626 2269 habent
1649 2244 1676 2269 G
1697 2245 1731 2269 2:

206 2291 210 2295 ”
245 2286 357 2311 vellem
380 2286 543 2311 cuiuslibet
571 2285 702 2309 hominis
731 2291 778 2309 me
810 2284 955 2316 miseere;
992 2284 1017 2309 G
1040 2286 1074 2310 5:
1104 2285 1376 2315 Langobardorum
1407 2285 1565 2309 consentio
1599 2286 1629 2308 et
1651 2284 1732 2308 siin

246 2325 347 2350 multis
379 2325 446 2357 ipse
478 2332 526 2350 me
557 2331 620 2349 non
651 2324 914 2355 interposuissem‚
946 2331 1022 2355 gens
1053 2325 1113 2349 ista
1144 2331 1210 2349 nec.
1312 2322 1343 2356 y)
1366 2330 1422 2348 nec
1452 2323 1547 2354 Lang.
1580 2329 1636 2348 nec
1656 2323 1681 2347 B
1706 2324 1731 2349 1.

246 2363 273 2395 z)
297 2364 369 2389 deest
390 2363 417 2388 A
442 2365 467 2390 1.
492 2379 524 2382 -
547 2370 695 2388 summam
718 2363 929 2388 confusionem
951 2364 974 2388 F
989 2365 1014 2388 1.
1096 2362 1126 2395 a)
1149 2366 1276 2388 mortem
1305 2364 1340 2388 Ε.
1363 2363 1396 2388 F.
1422 2361 1485 2388 G.I
1508 2364 1534 2388 1.
1624 2361 1656 2394 b)
1678 2362 1731 2386 mi-

246 2404 325 2429 seeri
346 2404 372 2429 A
394 2404 421 2429 2.
503 2401 530 2435 c)
552 2402 668 2427 hisdem
689 2401 715 2427 A
738 2400 777 2428 ⁸2.
803 2401 841 2427 2?
864 2402 890 2428 3.
914 2403 940 2428 4.
964 2403 988 2428 B
1013 2404 1038 2428 1.
1063 2403 1088 2428 2.
1112 2403 1135 2427 F
1159 2404 1185 2428 1.
1210 2401 1236 2427 G
1260 2402 1350 2433 1—4;
1372 2402 1453 2427 idem
1474 2401 1501 2426 A
1525 2403 1549 2427 1.
1573 2400 1597 2425 B
1621 2401 1649 2427 3.

249 2514 285 2557 1)
315 2514 396 2546 Non
423 2514 505 2547 bene
538 2514 675 2546 Paulus
713 2514 902 2547 secundum
941 2524 1075 2545 annum
1110 2512 1258 2555 imperi?
1286 2512 1423 2545 Plzocae
1461 2524 1535 2544 cum
1560 2518 1666 2544 morte
1691 2511 1726 2542 d.

248 2562 408 2605 Gregorii
427 2574 496 2605 per
520 2562 742 2595 indictionem
769 2568 925 2596 octavam
950 2561 1121 2605 ill1z'9avit;
1153 2565 1286 2594 constat
1312 2561 1402 2593 enim
1428 2561 1489 2593 sub
1509 2562 1616 2603 finem
1642 2559 1728 2590 amn·

249 2611 328 2643 602.
356 2611 507 2644 Plzocam
531 2611 704 2653 imperare
735 2612 893 2653 coepisse,
930 2616 1087 2643 currente
1119 2614 1218 2643 sexta
1249 2609 1448 2642 indiccione.
1499 2610 1560 2641 BI.
1618 2608 1727 2639 Errat

247 2658 383 2691 Paulus
409 2660 546 2692 Bedam
572 2663 727 2699 secedas,-
755 2660 944 2702 Gregorius
972 2658 1054 2692 obiit
1080 2670 1113 2691 a.
1141 2659 1222 2698 604,
1252 2658 1323 2690 incl.
1348 2659 1379 2692 7.
1432 2658 1505 2689 BE.
1605 2654 1642 2698 2)
1670 2655 1726 2687 Est:

249 2707 290 2739 G.
311 2712 411 2748 ponc.
487 2707 524 2749 3)
551 2707 605 2740 De
621 2708 724 2750 fame
750 2709 905 2750 referunt
921 2708 962 2740 G.
983 2712 1082 2750 ponc.
1105 2706 1226 2739 Sabin.
1256 2711 1286 2738 et
1322 2706 1357 2738 V.
1375 2703 1533 2748 Greyorii
1559 2704 1609 2736 M.
1625 2715 1649 2738 e.
1668 2705 1724 2735 29.

247 2756 282 2795 4)
311 2755 396 2797 Κεφ
422 2755 491 2795 IV,
518 2756 576 2788 47.
