1852 3141
247 132 393 165 PAULI
419 130 648 164 HISTORIA
674 131 1117 164 LANGOBARDORUM.
1170 132 1263 164 LIB.
1293 133 1353 164 VI.
1494 133 1561 164 241

82 257 236 284 nomen
257 248 329 295 est,
362 244 480 284 iuxta
509 243 682 284 fluvium
710 242 936 293 Tanarum,
968 243 1032 282 vir
1051 243 1181 282 mirae
1204 243 1434 283 sanctitatis
1455 242 1569 282 Bao-2

85 297 279 339 dolinus³
308 299 489 351 nomine,
521 299 592 354 qui
613 297 754 338 multis
775 296 999 349 miraculis,
1031 296 1187 338 Christi
1217 298 1382 351 gratiab
1419 297 1563 338 suffra-

84 359 220 408 gante,
251 352 449 394 refulsit0.
496 354 579 405 Qui
601 353 744 407 saeped
765 351 905 392 futura
925 352 1149 406 praedixit,
1180 353 1373 394 absentia
1394 367 1562 408 quoque

85 409 203 463 quasi
239 410 476 463 praesentia
510 409 717 449 nuntiavit
730 415 758 446 ⁰.
826 407 1022 462 Denique
1062 408 1183 447 cumf
1220 422 1296 448 rex
1326 407 1563 462 Liutprand

83 464 125 503 in
155 462 314 505 Urbem
346 463 494 505 silvam
523 470 721 505 venatum
752 463 864 515 isset,
898 477 1003 503 unus
1026 477 1080 503 ex
1101 464 1189 503 01115
1221 461 1447 503 comitibus
1479 478 1564 504 cer-

83 526 216 559 vumg
255 519 406 573 sagitta
445 519 688 575 percutereh
718 519 852 569 nisus,
883 516 1071 558 eiusdem
1101 519 1210 572 regis
1245 524 1456 573 nepotem,
1486 518 1565 558 hoc

84 580 146 615 est
176 574 328 614 sororis
359 575 448 616 eius
478 574 621 626 filium,
661 573 892 614 Aufusumi
942 573 1122 625 nomine,
1164 573 1308 614 nolens
1349 573 1564 614 sauciavit.

84 629 210 680 Quod
240 644 316 670 rex
346 644 518 671 cernens
557 656 612 660 —
649 629 770 670 valde
811 628 922 668 enim
960 628 1137 669 eundem
1178 643 1357 683 puerum
1396 629 1566 670 amabat

87 710 135 715 —-
154 699 249 725 cum
273 684 456 725 lacrimis
474 685 563 726 eius
584 683 918 725 incommodumk
941 683 1158 725 lamentari
1180 684 1319 739 coepit
1340 685 1565 739 statimque

84 755 215 780 unum
247 756 268 781 e
305 741 390 781 suis
431 741 613 795 equitem
644 739 768 789 misit,
809 739 881 793 qui
917 738 971 779 ad
1005 740 1141 780 virum
1172 739 1257 780 Dei
1286 739 1565 779 Baodolinum

82 803 268 836 curreret
297 810 476 851 eumque
508 802 679 850 peteret,
710 802 756 834 ut
776 807 852 848 pro
873 794 960 834 vita
991 794 1177 835 eiusdem
1209 795 1330 849 pueri
1352 793 1566 835 Christum

84 849 352 906 supplicaret.
400 852 484 902 Qui
506 865 601 891 cum
623 850 675 891 ad
698 864 865 890 servum
886 848 969 890 Dei
989 856 1195 904 pergeret,
1218 864 1324 904 puer
1344 849 1566 890 defunctus

87 907 182 948 est¹.
243 906 323 947 Cui
346 906 500 948 Christi
530 905 711 946 famulus
735 905 852 945 adse
884 905 1146 958 pervenienti
1176 906 1234 945 ita
1256 904 1386 945 dixit:
1439 904 1566 955 ⁴Scio,

84 976 210 1017 quam
242 962 294 1002 ob
326 976 496 1002 causam
534 961 719 1011 veneris,
756 960 829 1000 sed
867 959 970 1000 illud
1012 959 1125 1015 quod
1166 959 1376 1014 postulare
1416 961 1568 1000 missus

86 1032 129 1058 es
144 1025 169 1043 ¹¹¹
187 1017 270 1057 iam
301 1016 391 1057 fieri
412 1030 493 1057 non
514 1023 663 1070 potest,
696 1016 795 1071 quia
816 1030 921 1070 puer
941 1014 1008 1055 ille
1040 1015 1259 1056 defunctus
1291 1017 1379 1056 est’.
1440 1014 1566 1067 Quod

84 1087 182 1112 cum
212 1071 304 1112 his¹=
335 1073 408 1126 qui
437 1072 618 1112 missusO
649 1071 785 1112 fuerat
814 1071 903 1125 regi
930 1070 1044 1125 quod
1065 1086 1090 1111 a
1119 1085 1240 1111 servo
1263 1070 1346 1112 Dei
1376 1070 1566 1111 audierat

82 1128 374 1179 renuntiasset,
405 1142 494 1181 rex,
516 1125 613 1168 licet
634 1126 823 1178 doluerit,
857 1126 971 1181 quod
993 1126 1217 1167 effectumv
1249 1125 1569 1180 supplicationis

85 1197 185 1224 suae
215 1182 368 1224 habere
398 1197 482 1223 non
512 1183 661 1237 potuit,
697 1189 837 1223 tamen
873 1182 972 1236 quia
1002 1182 1068 1221 vir
1097 1181 1272 1221 Domini
1311 1180 1569 1222 Baodolinus

83 1238 330 1293 prophetiae
351 1239 546 1292 spiritum
568 1238 772 1288 habuerit,
805 1244 948 1291 aperte
970 1237 1179 1291 cognovit.
1237 1237 1348 1276 Huic
1362 1245 1378 1270 ‘1
1401 1251 1570 1292 quoque

83 1308 168 1334 non
209 1293 423 1334 dissimilis
467 1300 593 1348 aput¹'
637 1292 925 1333 Veronensem
985 1293 1198 1333 civitatem
1256 1291 1568 1346 TeudelapiusS

84 1349 251 1390 nomine
273 1349 364 1400 fuit,
398 1349 469 1403 qui
489 1349 596 1389 inter
625 1347 837 1388 mirandat
866 1362 972 1402 quae
993 1347 1189 1402 patrabat
1218 1362 1424 1403 praesago
1446 1348 1569 1388 etiam

84 1404 259 1459 spirituu
299 1402 432 1444 multa
470 1419 577 1459 quae
615 1410 733 1444 erant
769 1410 944 1444 Ventura
979 1402 1202 1458 praedixit.
1272 1403 1366 1443 Eov
1408 1416 1575 1458 quoque

85 1467 275 1514 tempore
307 1458 448 1499 floruit
468 1460 554 1499 vita
573 1457 639 1499 vel
669 1459 831 1499 actibus
853 1459 1088 1499 Ticinensis
1111 1457 1314 1499 ecclesiae
1346 1458 1569 1512 episcopus

84 1516 283 1565 Petrusw,
326 1515 428 1569 quix
460 1515 558 1569 quia
597 1514 707 1568 regis
739 1521 828 1554 erat
868 1514 1216 1568 consanguineus,
1257 1514 1310 1554 ab
1325 1521 1342 1548 Y
1374 1512 1569 1567 Ariperto

85 1569 323 1625 quondamz
355 1585 452 1624 rege
488 1576 589 1624 aput
621 1568 854 1624 Spoletium
885 1569 1011 1610 exilio
1041 1570 1177 1610 fuerat
1216 1576 1414 1610 retrusus.
1457 1568 1569 1608 Huic

85 1626 197 1667 beati
227 1625 423 1679 martyris
457 1625 626 1666 Savinia
658 1624 879 1665 ecclesiam
909 1624 1190 1679 frequentanti
1222 1624 1356 1665 isdem
1398 1637 1570 1665 venera-

85 1679 181 1722 bilis
212 1681 400 1734 martyrb
440 1680 765 1735 praenuntiavit,
805 1680 919 1735 quod
956 1680 1180 1735 episcopus
1226 1686 1330 1735 aput
1371 1678 1571 1719 Ticinum

86 1736 251 1776 futurus
293 1742 413 1777 esset.
478 1735 586 1786 Quic
623 1743 780 1790 postea,
825 1750 921 1775 cum
960 1735 1120 1776 factum
1160 1734 1320 1787 fuisset,
1351 1733 1571 1775 basilicam

86 1790 222 1832 eidem
258 1790 410 1832 beatod
446 1793 620 1846 martyri
652 1790 808 1831 Savino
839 1791 882 1830 in
912 1790 999 1831 solo
1030 1790 1202 1845 proprio
1233 1797 1336 1844 aput
1366 1789 1571 1831 eandeme

87 1847 300 1887 civitatem
332 1848 567 1887 construxit
580 1846 604 1886 f.
672 1846 753 1887 Hic
780 1847 888 1886 inter
918 1845 1098 1900 reliquas
1130 1846 1312 1900 optimae
1334 1846 1446 1886 vitae
1469 1858 1573 1900 quas

90 1902 237 1943 habuit
282 1902 458 1943 virtutes
503 1904 628 1943 etiam
680 1901 930 1956 virginitatis
980 1901 1082 1942 flore
1136 1902 1359 1942 decoratus
1410 1901 1573 1941 enituit.

89 1956 254 1999 Cuius&
292 1958 398 1998 nosh
438 1956 609 2013 aliquod
639 1956 922 2008 miraculumi,
971 1956 1084 2012 quod
1126 1956 1349 2012 posteriori
1385 1963 1573 2011 tempore

86 2019 252 2067 gestum
283 2018 356 2066 est,
388 2013 431 2052 in
460 2012 551 2053 loco
583 2013 753 2068 proprio
780 2026 996 2067 ponemus.
1055 2012 1142 2052 Atk
1173 2026 1275 2052 vero
1308 2011 1572 2066 Liutprand1,

88 2074 312 2123 postquam
332 2069 502 2123 triginta
523 2075 563 2109 et
579 2076 692 2108 11110“ιι
714 2068 832 2108 annis
849 2071 1112 2122 *septemque
1134 2066 1350 2108 mensibus
1372 2073 1570 2121 regnumn

90 2151 118 2182 a)
152 2151 339 2175 Baudolinus
373 2152 399 2175 G
420 2151 466 2176 5a.
491 2158 520 2182 ος
571 2151 750 2176 Blandolius
781 2159 857 2175 corr.
890 2151 1091 2175 Blandolinus
1125 2151 1150 2175 G·
1176 2152 1206 2181 13
1259 2150 1461 2174 Blandolinus
1496 2150 1521 2174 G
1544 2149 1570 2173 4.

88 2190 118 2222 b)
142 2190 275 2220 graciam
297 2190 319 2213 F
345 2191 369 2216 1,
452 2188 477 2221 c)
502 2189 610 2220 reliqna
633 2190 661 2214 in
685 2190 710 2214 G
736 2191 747 2214 1
779 2190 824 2214 rix
845 2189 895 2220 qui
916 2193 1046 2220 possunt.
1126 2189 1155 2220 d)
1179 2196 1299 2220 semper
1322 2189 1343 2213 F
1370 2190 1393 2213 l.
1477 2188 1505 2219 e)
1530 2195 1574 2219 pr.

90 2229 221 2253 dicebat.
245 2228 345 2252 desinit
367 2228 394 2252 Κ
417 2229 442 2259 2,
464 2228 586 2252 addens:
614 2229 698 2253 Finis
722 2236 774 2254 sex
798 2229 867 2253 libri
891 2231 920 2252 ct
943 2229 1049 2252 ultimi.
1141 2228 1164 2259 f)
1188 2228 1257 2252 dum
1281 2227 1306 2251 A
1330 2228 1356 2251 2.
1382 2226 1421 2252 ⁵3.
1447 2228 1480 2257 ὃς
1503 2227 1575 2251 deest

92 2268 124 2293 C.
150 2266 175 2292 G
199 2268 230 2297 ’ἐς
264 2274 286 2292 r.
311 2267 344 2294 L,
368 2273 434 2291 cum
458 2267 488 2291 in
510 2267 536 2290 D
562 2267 587 2292 3.
689 2266 718 2299 g)
742 2274 861 2291 servum
894 2266 917 2290 Α
943 2267 967 2291 2.
991 2267 1011 2291 (J
1037 2269 1061 2291 1.
1085 2266 1108 2291 F
1134 2268 1158 2291 l.
1252 2266 1281 2297 h)
1306 2268 1479 2297 percuteret
1503 2266 1525 2290 F
1553 2267 1575 2290 1.

90 2306 112 2339 i)
137 2305 284 2331 Ansusum
307 2305 332 2330 Α
356 2304 395 2331 ’3.
498 2304 529 2337 k)
553 2306 745 2330 incommodu
768 2306 789 2329 F
816 2307 844 2335 13
880 2306 1071 2329 incommoda
1093 2305 1115 2329 Ρ
1138 2306 1164 2329 4.
1190 2303 1225 2329 G.
1264 2318 1296 2323 —
1320 2305 1384 2329 eius
1407 2305 1479 2329 deest
1504 2306 1525 2329 (J
1552 2306 1575 2328 1⁴

92 2360 123 2364 -
147 2345 282 2370 lamenta.
303 2345 325 2369 F
353 2346 381 2375 ¹3
405 2345 572 2369 lamentare
596 2345 618 2369 C
645 2346 667 2369 1.
691 2345 716 2369 G
741 2346 764 2368 2.
847 2343 868 2376 1)
893 2345 1000 2375 reliqna
1024 2345 1051 2368 ιή
1076 2344 1099 2368 Α
1125 2345 1136 2367 1
1162 2344 1213 2374 leyi
1236 2346 1383 2374 nequeunt.
1469 2342 1509 2375 111)
1533 2347 1577 2367 est

87 2385 110 2409 F
136 2385 158 2409 1.
175 2397 206 2402 —-
222 2384 358 2415 postulas
381 2384 412 2409 C.
438 2384 473 2407 D.
496 2384 518 2408 B
542 2384 568 2408 4.
597 2397 629 2402 —
653 2385 712 2408 iam
735 2384 805 2407 deest
827 2383 858 2408 C.
881 2383 917 2408 D.
941 2384 952 2407 Ι
979 2384 1001 2407 1.
1064 2381 1094 2414 11)
1115 2383 1154 2406 ica.
1179 2381 1242 2406 ΑΞ.
1268 2382 1289 2407 C
1315 2383 1338 2406 l.
1362 2382 1384 2405 F
1403 2384 1425 2407 1.
1450 2381 1475 2407 G
1499 2384 1525 2407 2.
1552 2382 1577 2407 3.

88 2425 117 2456 0)
142 2423 225 2447 missi
249 2422 371 2447 fuerant
393 2423 415 2446 F
427 2423 450 2447 1.
532 2422 561 2453 p)
586 2422 694 2448 effectu
718 2422 783 2447 (ὶῖ.
866 2421 896 2452 q)
919 2428 1022 2446 norum
1045 2422 1097 2446 inc.
1121 2421 1217 2451 cap.F
1234 2422 1258 2446 l.
1330 2420 1353 2452 r)
1379 2421 1416 2445 ad
1439 2420 1482 2453 <at
1506 2420 1530 2445 G
1549 2420 1578 2451 2)

90 2462 122 2487 F.
148 2460 183 2486 G.
210 2475 241 2479 ——
265 2462 376 2486 Boron.
400 2461 421 2486 C
448 2463 469 2486 1.
494 2462 520 2485 2.
544 2461 566 2485 F
592 2463 603 2485 1
708 2460 732 2492 s)
756 2461 871 2486 Thena,
897 2460 922 2483 G
945 2461 978 2490 23
1010 2460 1126 2485 Theod.
1151 2459 1173 2484 C
1197 2461 1222 2484 1.
1246 2460 1272 2483 D
1298 2460 1324 2484 2.
1349 2460 1376 2483 3.
1477 2460 1498 2489 t)
1525 2459 1577 2483 mi-

89 2499 213 2525 randam
236 2500 259 2524 F
274 2501 298 2525 1.
381 2499 411 2531 u)
434 2500 572 2531 spiritum
596 2500 617 2524 F
635 2501 657 2525 1.
741 2500 769 2530 v)
794 2506 895 2523 norum
918 2500 970 2524 inc.
995 2506 1056 2530 cap.
1080 2499 1103 2523 13
1129 2500 1152 2523 1.
1176 2499 1197 2522 F
1217 2499 1238 2524 1.
1321 2498 1359 2529 w)
1384 2498 1484 2522 desinit
1509 2497 1533 2522 G
1552 2499 1577 2522 l.

89 2539 120 2569 x)
141 2539 212 2562 deest
236 2538 257 2562 F
283 2540 306 2563 1.
410 2537 439 2570 37)
462 2539 534 2562 deest
557 2538 597 2567 (ὃς
631 2543 659 2563 οι
681 2539 717 2563 ab
751 2539 777 2562 11
801 2539 832 2568 23
866 2539 938 2568 quia
961 2545 985 2564 e.
1010 2546 1032 2562 e.
1057 2537 1189 2563 Ariberti
1223 2537 1376 2568 quondam
1410 2538 1492 2566 regis
1528 2544 1577 2569 ap.

91 2578 116 2602 G
140 2578 185 2602 521.
199 2584 222 2602 (⁸.
246 2578 258 2601 I
282 2577 320 2601 2?
401 2581 427 2602 ‘m
451 2578 551 2602 desinit
574 2577 599 2602 G
614 2577 639 2602 2.
722 2576 750 2608 a)
775 2577 880 2602 Sabini
904 2577 927 2601 Α
950 2578 975 2601 2.
1000 2577 1048 2600 Fi
1075 2577 1117 2609 (S.
1142 2578 1203 2601 111).
1285 2576 1313 2606 b)
1339 2576 1384 2599 vir
1406 2575 1439 2602 C.
1463 2576 1497 2600 D.
1523 2576 1577 2600 11.

90 2616 116 2648 c)
141 2615 227 2646 Quod
251 2615 276 2640 G
298 2617 324 2641 4.
347 2616 397 2645 5c3
420 2616 478 2645 Qui
501 2623 532 2647 p.
555 2623 621 2641 cum
644 2617 804 2648 episcopus
828 2616 923 2640 factus
946 2616 1052 2640 suisset
1075 2616 1099 2639 1)
1124 2614 1198 2647 (12²).
1222 2614 1259 2639 H.
1343 2614 1371 2644 d)
1396 2615 1468 2638 dces!
1493 2613 1518 2639 G
1542 2615 1577 2644 -13

89 2655 169 2679 beati
194 2654 216 2679 C
237 2655 290 2685 4b5
323 2655 457 2679 eiusdem
479 2655 560 2680 beati
583 2655 715 2679 martiris
739 2654 844 2679 Savini
877 2654 898 2679 C
925 2655 1007 2679 1—3.
1040 2655 1074 2679 D.
1177 2653 1204 2684 e)
1230 2653 1335 2678 eadem
1369 2660 1381 2678 e
1403 2661 1477 2678 corr.
1502 2653 1523 2677 F
1552 2654 1578 2678 l.

90 2693 114 2725 s)
138 2693 236 2717 desinit
259 2693 283 2718 A
307 2692 346 2719 ’4.
428 2692 457 2724 g)
483 2694 574 2718 (1111115
601 2708 632 2712 -
663 2700 809 2725 ponemus
832 2693 887 2718 ries.
915 2693 924 2717 1
950 2694 974 2717 2.
1058 2692 1088 2723 h)
1112 2693 1183 2717 deese
1208 2691 1229 2717 C
1255 2694 1278 2716 1.
1362 2691 1382 2723 ἰ)
1404 2693 1477 2716 deest
1502 2691 1526 2716 A
1551 2694 1578 2716 tl.

91 2731 122 2764 k)
145 2739 246 2756 novum
270 2732 321 2756 inc.
343 2739 404 2763 cap.
429 2732 493 2757 A4.
518 2733 540 2757 E
567 2734 591 2758 1.
615 2733 636 2757 F
653 2734 676 2757 1.
700 2733 725 2758 5.
790 2731 811 2763 l)
837 2739 887 2757 rex
910 2731 975 2757 (11111.
1001 2730 1031 2756 C.
1058 2732 1093 2756 D.
1159 2730 1199 2762 111)
1223 2730 1282 2755 «luo
1304 2730 1325 2756 C
1352 2732 1374 2756 l.
1440 2730 1469 2760 11)
1496 2731 1580 2762 prin-

95 2771 229 2802 cipatum
254 2772 284 2803 (ἲ,
310 2772 347 2796 D.
371 2771 394 2795 B
417 2772 445 2797 4.

1588 2082 1599 2092 ⁸
1614 2091 1642 2116 p.
1667 2083 1732 2110 187.
