1852 3141
251 106 319 138 130
431 105 576 138 PAULI
604 103 833 137 HISTORIA
860 102 1301 136 LANGOBARDORUM.
1353 102 1448 136 LIB.
1476 103 1544 137 III.

249 216 303 258 ad
344 216 537 258 Gradosa
573 215 730 255 reversi
769 220 877 254 sunt.
926 213 1100 276 'Quibus
1129 227 1207 255 nec
1242 213 1360 269 plebs
1413 214 1725 256 communicare

97 262 144 297 ‘¹³’
170 265 396 325 ¹⁰⁷·voluit,
440 286 518 312 nec
565 270 691 311 ceteri
722 269 937 324 *episcopi
991 269 1087 309 eosb
1135 276 1397 324 receperunt.
1469 269 1724 312 Smaracdus

39 305 94 331 589
106 308 153 333 vel
167 306 232 333 590.

251 392 280 425 a)
305 392 403 417 (irado
426 391 448 416 F
474 393 504 422 ις
529 390 647 415 Gradus
671 388 695 414 G
710 389 794 415 1-4,
817 389 831 414 I
846 390 870 414 l.
885 388 910 421 3,
934 389 1000 420 αῑίίς
1022 389 1053 413 in
1077 388 1195 414 Gradus
1218 390 1290 421 D33
1313 391 1344 415 in
1367 391 1476 421 gradus
1499 391 1636 423 proprios
1658 390 1726 415 122.

250 433 280 465 b)
304 439 354 458 cos
377 430 531 461 accipiens
554 429 650 453 mediis
672 429 781 453 omissis
804 427 829 453 G
853 428 895 452 :‘›c.

249 521 470 554 nequaquam
497 508 689 541 damnabat
707 506 776 539 tria
803 507 974 549 capitula,
1001 507 1036 540 id
1057 512 1120 549 est,
1147 509 1318 551 referente
1344 507 1476 541 Victore
1500 508 1728 540 Tunnuncnsl

251 573 284 594 a.
300 561 380 599 542,
409 557 593 601 epistolam
610 557 698 589 Ibae
716 557 890 589 Edesseni
916 558 1073 600 episcopi
1099 557 1144 588 ad
1161 557 1286 589 Marim
1305 557 1458 597 Persam,
1487 567 1576 599 quae
1594 557 1726 589 iudicio

250 609 376 652 synodi
404 606 707 640 Calchedonensis
736 605 871 647 (quarti
897 604 1032 637 concilii
1057 605 1268 638 universalis
1296 617 1329 638 a.
1358 606 1444 645 451)
1473 605 1668 648 approbata
1695 610 1728 637 et

251 657 447 692 orthodoxa
464 655 621 688 iudicata
640 659 708 695 est;
734 655 956 687 Theodorum
977 655 1059 686 dein
1077 655 1364 698 Mopsuestenum
1384 655 1599 697 episcopum,
1627 664 1728 695 syno—

251 707 378 740 daliter
404 704 564 738 similiter
582 703 675 747 apud
697 703 917 736 Antiochiam
933 708 967 736 et
987 703 1213 736 calchedone
1228 703 1428 744 laudatum3
1456 707 1491 735 et
1516 702 1729 734 Theodoreti

253 756 336 799 Cyri
364 754 521 798 episcopi
548 753 653 792 dicta,
693 753 817 794 synodi
846 751 1146 784 Calchedonensis
1179 752 1325 784 vocibus
1365 752 1579 784 collaudata.
1630 750 1730 783 Haec

251 804 407 847 capitula
445 808 491 834 tot
530 806 774 843 tantarumque
812 799 1069 832 discordiarum
1108 812 1218 833 causa
1255 801 1468 840 exstiterunt,
1507 806 1544 831 ut
1584 799 1631 831 ad
1669 811 1728 832 eas

252 852 468 886 dirimendas
495 862 528 882 a.
556 850 637 882 532.
663 850 819 891 quintum
846 849 1044 882 universale
1083 849 1263 882 concilium
1293 847 1623 891 Constantinopolim
1650 859 1728 880 con-

251 907 445 940 vocaretur,
471 899 507 931 in
547 910 614 940 quo
647 897 846 931 Tlteodorae
883 897 1032 930 maxime
1072 904 1240 941 augustae
1269 898 1428 940 factione
1468 898 1535 929 tria
1574 897 1729 939 capitula

252 952 423 984 damnata
448 953 539 987 sunt,
569 946 715 979 Silverio
752 958 853 989 papa
879 957 996 979 corum
1035 947 1214 989 defensore
1239 945 1428 988 interfecto,
1464 945 1542 978 aliis
1563 944 1730 987 plurimis

252 997 420 1042 episcopis
447 997 487 1029 ob
514 996 633 1028 eadem
660 995 696 1027 in
721 1006 891 1028 carcerem
917 995 1084 1038 conjectis,
1114 995 1192 1027 aliis
1218 995 1255 1027 in
1278 995 1418 1028 exilium
1446 994 1569 1034 missis,
1607 992 1729 1036 l’iyz‘lz'o

253 1052 377 1087 autem,
405 1044 547 1079 Silvert'i
572 1055 775 1083 successore,
804 1043 843 1076 ob
862 1044 899 1075 id
925 1048 1057 1076 tantum
1084 1043 1303 1076 damnationi
1330 1054 1507 1076 assensum
1527 1043 1728 1085 praebente,

251 1102 289 1130 ut
308 1098 484 1138 papatum
510 1092 685 1125 obtineret.
728 1092 833 1134 Papa
866 1096 978 1124 autem
995 1093 1129 1134 factus,
1158 1099 1188 1125 et
1216 1091 1291 1135 ipsc
1317 1093 1575 1124 damnationem
1602 1091 1729 1133 impro-

253 1144 357 1184 bavit,
397 1143 542 1184 ideoque
577 1153 598 1172 a
635 1140 835 1174 ‹Iustiniano
874 1141 911 1172 in
950 1140 1092 1173 exilium
1130 1147 1259 1182 trusus,
1295 1152 1336 1174 ea
1374 1145 1508 1173 tantum
1535 1139 1730 1172 conditione

252 1194 429 1227 restitutus
457 1196 515 1230 est,
543 1196 581 1222 ut
607 1189 766 1231 quintum
791 1188 971 1222 concilium
996 1189 1179 1231 reciperem
1206 1189 1244 1222 id
1269 1190 1363 1232 quod
1390 1188 1491 1221 etiam
1518 1199 1728 1221 successores

243 1244 407 1286 fecerunt
432 1240 473 1272 ob
492 1250 618 1281 pacem
645 1238 803 1271 ecclesiae
829 1238 1051 1278 servandam,
1078 1239 1131 1270 nil
1154 1242 1266 1270 tamen
1291 1237 1560 1270 Chalcedonensi
1585 1237 1730 1269 concillo

251 1292 328 1324 ideo
355 1287 518 1332 derogari
545 1285 673 1330 confisi.
726 1285 795 1319 Sed
816 1286 902 1319 licet
926 1291 1050 1330 postea
1074 1287 1249 1329 imperiali
1275 1287 1429 1330 pondere
1449 1287 1494 1317 ad
1521 1296 1727 1318 consensum

253 1339 489 1373 damnationis
531 1335 763 1379 capitulorum
804 1336 958 1378 ipsorum
1000 1335 1169 1378 paulatim
1214 1335 1343 1377 singuli
1385 1336 1513 1367 fuerint
1557 1335 1728 1366 coarctati

254 1389 375 1429 (verba
402 1391 481 1418 sunt
519 1385 624 1418 libelli
657 1383 823 1427 supplicis
851 1395 873 1416 a
911 1383 1141 1427 suffraganeis
1179 1382 1479 1427 Aquileyz'ensibus
1506 1383 1553 1415 ad
1581 1383 1729 1424 impera-

253 1444 358 1471 torem
384 1433 595 1468 Mauritimn
622 1445 655 1465 a.
684 1434 765 1465 590.
784 1431 934 1474 directi),
971 1437 1165 1465 nostrarum
1193 1437 1312 1465 tamen
1338 1433 1597 1476 provinciarum
1623 1441 1729 1463 vene-

252 1487 352 1520 randi
381 1485 584 1517 decessores
612 1482 656 1514 ad
683 1485 750 1515 hoc
776 1482 940 1514 inclinari
973 1482 1069 1514 nullo
1101 1481 1204 1514 modo
1239 1485 1437 1524 potuerunt.
1488 1481 1640 1520 Quorum
1667 1491 1730 1512 nos

255 1534 415 1578 exempla
453 1536 647 1571 servantes,
688 1542 767 1563 cum
805 1531 967 1563 universo
1007 1530 1137 1574 populo
1177 1531 1278 1563 nobis
1317 1530 1450 1562 credito
1478 1534 1666 1571 sequentes
1692 1529 1728 1560 in

254 1584 413 1618 omnibus
445 1582 684 1614 defensionem
713 1579 1013 1612 Chalcedonensis
1050 1579 1203 1619 concilii,
1241 1590 1260 1610 a
1288 1579 1531 1611 communione
1560 1577 1727 1609 damnan-

251 1635 337 1666 tium
364 1632 539 1663 abstinere
567 1630 805 1672 dignoscimur
823 1628 876 1669 (id
902 1628 995 1670 quod
1012 1627 1177 1671 Pelayius
1204 1627 1256 1660 II.
1277 1639 1346 1670 per
1362 1631 1428 1659 tres
1455 1625 1618 1669 epistolas
1645 1625 1730 1667 ipsis

253 1680 457 1715 dissuadere
483 1678 628 1718 studuit,
655 1690 687 1710 a.
716 1677 798 1709 585.
826 1677 880 1709 vel
906 1677 985 1716 586,
1014 1677 1058 1718 cf.
1086 1688 1195 1718 supra
1222 1676 1297 1716 HJ,
1327 1677 1392 1713 20,-
1426 1675 1485 1707 sed
1510 1675 1564 1707 m'l
1588 1674 1725 1716 effecit).

253 1732 299 1763 Et
317 1741 395 1762 cum
416 1727 630 1770 Smaragdus
658 1727 830 1768 gloriosus
853 1725 1059 1758 cartularius
1078 1725 1219 1757 Heliam
1239 1726 1542 1767 archiepiscopum
1569 1723 1728 1766 pluribus

253 1779 390 1812 vicibus
427 1777 658 1815 contristaret,
691 1785 769 1806 cum
804 1778 921 1806 nostro
957 1775 1109 1806 omnium
1146 1784 1318 1806 consensu
1353 1773 1479 1805 direxit
1505 1772 1549 1804 ad
1577 1773 1731 1814 vestigia

253 1827 468 1871 principatus
506 1825 614 1856 vestri
651 1834 786 1865 preces,
823 1826 944 1854 ut...
973 1822 1018 1853 ad
1057 1822 1166 1854 vestri
1204 1823 1439 1865 praesentiam
1477 1821 1657 1853 veniretur
1695 1824 1730 1852 et

253 1879 407 1909 vestrum
451 1876 694 1916 expectaretur
731 1872 914 1903 iudicium.
977 1870 1078 1910 Quod
1117 1871 1229 1912 pietas
1267 1874 1384 1902 vestra
1403 1894 1410 1902 .
1431 1894 1438 1902 .
1459 1894 1467 1902 .
1487 1893 1495 1901 .
1523 1870 1729 1911 suscipiens,

254 1925 443 1957 iussionem
486 1921 585 1955 dedit
621 1920 666 1952 ad
704 1919 894 1962 gloriosum
934 1918 1176 1960 smaragdum,
1216 1923 1253 1950 ut
1290 1918 1490 1950 nullatenus
1517 1927 1728 1959 quemquam

254 1973 449 2015 inquietare
475 1973 714 2014 praesumeret
730 1993 737 2001 .
755 1992 762 2000 .
778 1992 785 2000 .
802 1992 809 1999 .
829 1967 968 1999 Deinde
997 1967 1180 1999 defunctus
1207 1971 1259 1999 est
1276 1966 1400 1998 Helias
1429 1967 1478 2005 (a.
1507 1965 1604 2006 587).
1645 1965 1730 1997 Post

254 2022 322 2054 hoc
348 2020 508 2053 ordinato
535 2018 800 2060 archiepiscopo
819 2020 936 2049 nostro
964 2015 1106 2056 Severo,
1134 2026 1223 2058 quae
1252 2014 1485 2047 contumeliae
1511 2013 1632 2045 illatae
1647 2014 1728 2053 sint,

257 2074 291 2103 et
317 2069 444 2112 quibus
471 2068 605 2100 iniuriis
633 2077 675 2098 ac
703 2065 812 2097 caede
844 2064 1017 2108 corporali
1054 2065 1197 2097 fustium
1226 2068 1260 2096 et
1286 2074 1355 2106 qua
1393 2062 1561 2095 violentia
1588 2061 1632 2094 ad
1658 2062 1728 2093 Ra-

255 2122 443 2151 vennatem
470 2117 650 2149 civitatem
669 2115 774 2147 fuerit
798 2114 987 2157 perductus
1007 2117 1111 2155 atque
1138 2113 1302 2145 redactus
1319 2114 1354 2144 in
1383 2111 1589 2151 custodiam,
1617 2111 1730 2153 potuit

257 2168 302 2199 ad
329 2167 460 2199 domini
486 2165 595 2198 nostri
620 2165 697 2207 pias
724 2174 824 2195 aures
851 2164 926 2195 sine
955 2163 1060 2194 dubio
1094 2163 1292 2204 pervenire.
1344 2160 1402 2192 Ibi
1426 2159 1553 2192 mansit
1580 2157 1728 2191 Severus

249 2227 318 2258 per
344 2225 475 2247 annum
501 2224 620 2253 unum,
646 2213 752 2244 donec
782 2210 1046 2243 damnatoribus
1081 2210 1185 2242 trium
1211 2209 1441 2252 capitulorum
1475 2206 1730 2241 communicans

256 2265 437 2297 relaxatus
465 2267 512 2296 est
538 2274 572 2294 a.
599 2261 680 2293 588.
706 2261 761 2293 vel
786 2260 866 2292 589.
918 2258 988 2292 Sed
1014 2270 1091 2291 cum
1115 2257 1166 2290 ita
1191 2258 1265 2301 ipse
1285 2257 1497 2300 patriarcha
1523 2262 1553 2289 et
1579 2256 1729 2288 Severus

262 2310 493 2356 Tergestinus,
530 2310 708 2343 Joltannes
746 2307 979 2348 Parentinus,
1022 2306 1196 2339 Patricius
1234 2305 1482 2345 Aemonz'ensz's,
1530 2303 1730 2337 Vindemius

258 2355 423 2394 OEssensis
448 2365 478 2393 et
515 2359 692 2392 Jolzannes
732 2356 923 2397 Celeianus,
960 2356 1021 2399 qui
1058 2360 1138 2388 teste
1179 2355 1290 2388 Paulo
1329 2366 1403 2387 una
1429 2365 1506 2387 cum
1532 2353 1732 2396 patriarcha

259 2411 557 2444 communicarant
592 2407 695 2439 trium
733 2406 963 2448 capitulorum
1001 2404 1274 2444 damnatoribus,
1316 2405 1444 2437 scisma
1460 2402 1628 2445 fecissent
1660 2399 1732 2433 sive

257 2457 454 2491 scissionem
479 2457 570 2489 inter
595 2456 771 2498 episcopos
805 2455 980 2496 hucusque
1004 2453 1042 2485 in
1077 2452 1304 2495 defensandis
1338 2451 1500 2494 capitulis
1536 2449 1729 2488 concordes,

259 2508 374 2540 eodem
402 2506 511 2538 Paulo
535 2505 722 2547 referente:
762 2514 828 2536 nec
865 2503 966 2546 plebs
990 2501 1034 2534 iis
1075 2503 1334 2534 communicare
1371 2500 1492 2540 voluit,
1531 2509 1597 2531 nec
1624 2498 1731 2530 ceteri

259 2554 439 2588 duodecim
465 2554 632 2598 episcopi,
660 2554 720 2595 qui
745 2563 782 2585 se
809 2553 852 2584 ab
871 2553 940 2584 hoc
964 2552 1128 2584 scismate
1156 2551 1396 2589 cohibuerant,
1424 2559 1483 2581 eos
1509 2548 1728 2589 receperunt,

259 2604 450 2646 usquedum
474 2603 512 2635 in
535 2601 667 2645 synodo
695 2601 792 2643 apud
817 2600 1010 2632 Muranum
1035 2609 1149 2642 prope
1184 2597 1342 2631 Venetias
1366 2598 1472 2640 facta
1506 2608 1538 2628 a.
1565 2594 1647 2626 588.
1674 2604 1727 2625 ex.

259 2652 313 2684 vel
338 2652 418 2684 589.
444 2652 498 2684 vel
521 2651 662 2683 ineunte
687 2650 769 2683 590.
792 2647 1005 2692 patriarcha
1031 2659 1106 2680 cum
1142 2647 1294 2689 quinque
1319 2647 1392 2678 suis
1430 2642 1643 2686 sequacibus,
1674 2652 1725 2673 er-

258 2710 370 2732 rorem
409 2711 519 2738 suum,
558 2699 650 2741 quod
688 2699 793 2731 trium
831 2697 1061 2741 capitulorum
1099 2696 1361 2728 damnatoribus
1401 2692 1727 2730 communicassent,

260 2749 462 2791 confitentes,
486 2746 524 2779 in
561 2746 828 2779 communionem
854 2757 876 2778 a
912 2744 1055 2787 reliquis
1093 2749 1173 2776 sunt
1211 2742 1349 2785 recepti.
1407 2741 1539 2773 Eodem
1566 2744 1728 2781 tempore,
