1852 3141
219 123 264 154 24
522 120 666 152 PAULI
694 118 925 151 HISTORIA
953 116 1396 150 LANGOBARDORUM.

212 233 404 287 propius
427 231 484 272 ad
507 230 786 285 archetypum
805 228 1003 268 accedere
1022 227 1200 268 videtur.
1234 226 1510 269 Correcturae
1528 241 1560 266 s.
1576 226 1700 266 XIII.

220 288 367 329 illatae
398 301 483 327 non
516 299 700 339 maqnae
730 288 830 324 sunt
862 282 1145 323 auctoritatis.
1194 282 1373 323 Librum
1394 298 1488 323 cum
1510 282 1702 323 ,Murato-

220 345 281 384 rii
302 343 486 384 editione
507 354 637 395 quam
660 338 985 379 accuratissime
1006 340 1275 391 comparavit
1296 338 1332 378 b.
1354 353 1406 377 m.
1425 337 1476 378 G.
1495 337 1550 380 H.
1566 337 1701 377 Pertz.

224 397 288 453 CJ'.
319 397 480 438 Archiv
520 395 607 446 VII,
632 409 681 447 p.
712 393 805 434 310.

333 452 395 507 (4)
428 450 549 491 [ΓΞ.
608 449 909 489 Vaticanus
940 446 1020 487 Nr.
1051 446 1173 499 3852,
1205 447 1305 488 olim
1330 446 1526 502 fortasse
1557 446 1603 488 S.
1629 446 1701 489 C'o-

219 507 385 548 lumbae
411 519 548 559 prope
575 504 818 557 Viennam1,
850 504 975 558 cujus
998 509 1122 544 carta
1144 504 1190 543 in
1211 502 1353 544 codice
1373 502 1554 557 liqando
1567 516 1702 556 prae-

209 562 324 614 fiaca,
347 576 378 604 s,
401 561 474 601 IX.
495 561 549 611 4.,
584 575 671 601 una
695 575 829 600 manu
857 565 1078 608 exaratus,
1095 558 1357 613 fragmenta
1382 563 1550 598 tantum
1574 572 1703 611 prae-

221 619 295 669 bet,
335 615 457 657 nulla
492 614 700 657 librorum
738 614 800 655 vel
836 615 1026 669 capitum
1063 614 1334 656 distinctione
1364 618 1547 654 servata.
1606 613 1705 654 Lec-

220 674 369 724 tiones,
401 677 445 712 ut
467 671 711 712 Bethmann
733 675 838 712 recte
850 670 1086 725 judicavit,
1116 671 1331 726 egre-qius,
1364 669 1454 723 ipse
1476 667 1707 723 diliqenter

221 728 460 782 descripsit.

333 783 397 838 (5)
431 782 469 823 A
491 782 557 822 2³.
627 781 926 822 Vaticanus
958 781 1039 821 Nr.
1073 780 1192 831 1983,
1234 780 1402 821 membr.
1431 794 1463 819 s.
1490 778 1582 819 XV.
1599 777 1706 833 fol„

222 854 343 895 quem
372 854 423 880 ex
454 838 494 878 A
519 838 544 878 2
575 838 833 891 descriptum
874 850 960 877 esse
993 842 1153 877 monuit
1184 834 1234 876 G.
1266 835 1320 878 Η.
1352 835 1484 875 Pertz.
1545 834 1706 875 Eodem

220 895 433 936 volumine
463 893 595 934 Pauli
625 893 810 933 historia
841 892 1043 933 Romana
1074 897 1110 932 et
1139 891 1312 932 Aretini
1349 890 1578 944 descriptio
1609 888 1707 931 belli

223 949 394 991 Gothici
423 950 708 990 continentur.

334 1005 394 1059 (G)
418 1006 455 1044 A
474 1004 540 1044 2¹).
601 1004 904 1045 Vaticanus
935 1002 1157 1043 Ottobon
1170 1003 1184 1043 i
1197 1017 1259 1042 an
1274 1016 1332 1042 us
1353 1001 1433 1041 Nr.
1451 1000 1546 1052 941,
1569 1001 1704 1041 chart.

222 1076 253 1101 s.
284 1060 424 1112 XVII,
459 1061 601 1101 itidem
632 1074 683 1099 essc
714 1058 753 1098 A
779 1058 804 1098 2
835 1058 1087 1112 descriptus.

334 1115 395 1173 (7)
427 1114 552 1156 A*3.
617 1114 755 1156 C'odeae
797 1114 1046 1155 monasterii
1082 1112 1127 1154 S.
1159 1112 1453 1164 Dominici,
1493 1111 1708 1152 Palatii

223 1172 268 1212 in
291 1171 522 1212 Dalmatia
548 1169 806 1224 (Spalatro)
839 1170 1071 1220 constituti,
1104 1168 1201 1210 olim
1232 1167 1545 1223 Forojuliensis
1568 1165 1705 1219 (Civi-

219 1229 417 1276 tatensis)
431 1234 459 1277 ²,
494 1241 521 1266 a
549 1226 820 1267 Bethmanno
854 1226 900 1265 in
930 1224 1036 1266 villa
1066 1225 1228 1265 comitis
1259 1222 1500 1264 Strassoldi
1518 1222 1707 1264 Jeanniz

213 1297 354 1336 prope
384 1282 561 1322 Utinum
584 1296 623 1321 a.
648 1280 767 1320 1851.
799 1282 929 1331 visus,
960 1286 996 1320 et
1027 1279 1078 1320 ab
1110 1280 1205 1334 ‘Ipso
1238 1280 1299 1319 ita
1320 1279 1584 1333 descriptus:
1617 1276 1707 1319 ‘Co-

220 1338 302 1378 dea:
333 1337 497 1378 membr.
516 1335 693 1390 formae
725 1336 985 1389 quadratae,
1016 1349 1125 1375 saec.
1148 1335 1197 1375 X.
1222 1335 1278 1374 in.
1303 1349 1329 1374 a
1350 1333 1487 1374 tribus
1508 1332 1706 1373 librariis

219 1399 450 1444 exaratus,
488 1393 640 1446 optime
681 1396 984 1442 conservatus,
1026 1389 1087 1430 nil
1126 1390 1215 1430 nisi
1255 1389 1499 1429 Historiam
1536 1388 1709 1443 Lanyo·

220 1447 454 1489 bardorum
475 1449 672 1488 continet.
729 1446 882 1486 Vocum
903 1446 1060 1487 divisio
1083 1444 1313 1485 admodum.
1333 1458 1516 1495 manca,·
1538 1444 1710 1484 numeri

219 1505 411 1558 capitum
451 1503 645 1558 marqini
685 1502 875 1555 impositi
885 1515 899 1552 ,·
936 1500 1101 1541 litterae
1142 1499 1334 1540 initiales
1362 1501 1504 1554 pictae
1535 1498 1707 1539 nullae'.

224 1558 326 1601 Cum
358 1573 453 1599 vero
485 1573 536 1600 ea:
569 1557 617 1597 17
650 1563 817 1598 tstntum
860 1557 962 1597 libri
991 1556 1026 1596 I.
1058 1555 1273 1609 capitibus
1312 1554 1509 1596 lectiones
1540 1560 1711 1595 enotare

214 1621 380 1668 posset,
419 1613 725 1655 recurrendum
756 1618 849 1654 erat
881 1613 938 1653 ad
969 1611 1235 1652 collationem
1268 1611 1378 1651 inter
1407 1610 1586 1651 schedas
1618 1609 1707 1650 Do-

221 1671 372 1711 minici
393 1670 443 1710 de
464 1669 624 1711 Rubeis
649 1670 693 1708 in
720 1667 968 1709 bibliotheca
990 1667 1228 1707 Blarciana
1259 1666 1452 1717 Venetiis,
1473 1665 1589 1716 XIV,
1615 1664 1707 1716 153,

222 1731 499 1776 asservatam,
531 1726 656 1779 cujus
685 1729 851 1777 partem
883 1729 980 1763 ante
1017 1721 1169 1762 multos
1206 1736 1346 1762 annos
1375 1721 1409 1762 b.
1442 1735 1493 1760 m.
1525 1720 1708 1761 Bluhme

221 1780 300 1835 (cf.
327 1781 456 1821 Arch.
490 1780 595 1833 V,p.
618 1778 732 1831 619),
756 1784 931 1833 partem
962 1792 1103 1831 nuper
1138 1777 1179 1818 V.
1215 1775 1274 1818 Οἵ.
1307 1776 1463 1828 Heller,
1494 1777 1578 1817 inte
1614 1791 1707 1816 ram

220 1850 316 1877 vero
359 1835 399 1876 V.
442 1835 500 1877 CI.
537 1835 636 1877 Joh.
679 1834 857 1885 Veludo,
896 1833 1168 1874 bibliothecae
1203 1831 1478 1886 praefectus,
1526 1791 1708 1886 diligen-

220 1892 378 1932 tissime
419 1891 650 1944 eoescripsit
693 1890 892 1943 nobisque
938 1887 1128 1930 benevole
1171 1889 1425 1928 transmisit.
1507 1887 1577 1927 Ex
1648 1901 1707 1926 ua

213 1953 347 2001 patet,
379 1947 564 1988 codicem
587 1947 790 2000 prossime
822 1946 880 1986 ad
910 1944 950 1985 A
970 1944 995 1984 3
1028 1943 1224 1984 accedere
1255 1942 1332 1997 (cf.
1365 1958 1396 1984 e.
1425 1957 1491 1998 qr.
1531 1942 1570 1993 V,
1601 1901 1706 1993 233),

220 2016 545 2056 nonnumquam
585 2016 679 2042 cum
710 2001 750 2040 A
777 2000 802 2041 2
835 2000 896 2041 vel
927 2000 965 2040 A
993 1999 1019 2040 5
1050 2000 1268 2051 convenit,·
1308 2013 1394 2039 non
1427 2012 1529 2038 raro
1563 2012 1706 2038 veram

220 2056 445 2110 confirmat
474 2057 704 2098 lectionem.

222 2199 258 2242 1)
285 2199 340 2232 De
367 2211 433 2242 quo
463 2199 635 2232 volumine
671 2199 754 2231 haec
782 2198 980 2230 Bethmann
1009 2196 1159 2229 monuit:
1198 2194 1437 2228 ‘Continentur
1463 2193 1584 2226 Bedae
1610 2193 1706 2226 chro-

217 2248 337 2288 nicon3
367 2247 452 2280 Item
479 2259 520 2280 ea:
547 2247 642 2281 libris
668 2245 777 2278 Pauli
808 2244 939 2283 orosii,-
987 2245 1071 2277 Item
1117 2256 1157 2277 ex
1183 2243 1280 2275 libris
1315 2242 1497 2286 cujusdam
1523 2241 1630 2273 Pauli
1655 2241 1707 2273 hi-

219 2295 336 2329 storici
359 2295 468 2339 yemis
487 2295 823 2339 Langobardorunm
858 2292 990 2326 Volusii
1009 2291 1163 2326 JIeciani
1193 2290 1401 2331 distribufio,
1430 2289 1508 2322 item
1536 2289 1705 2322 rocabula

221 2355 261 2376 ac
288 2350 388 2377 notae
420 2343 576 2386 partium
603 2343 638 2376 in
674 2343 774 2376 rebus
804 2340 1024 2385 pecuniariis
1052 2341 1210 2383 pondere
1248 2350 1389 2372 numero
1424 2349 1610 2376 mensura;
1649 2337 1705 2370 De

220 2392 332 2425 variis
362 2393 555 2431 vocabulis;
584 2392 642 2424 ΕΒ
661 2392 747 2425 libro
772 2389 1000 2428 Tertulliani;
1027 2390 1081 2422 De
1106 2387 1266 2433 9emmis;
1293 2388 1347 2420 De
1366 2386 1474 2430 signis
1488 2386 1705 2428 ponderum,-

219 2439 344 2473 Sancsi
372 2441 488 2474 Vaede
517 2440 598 2481 (sic)
624 2440 683 2482 pb.
702 2451 743 2473 eo:
771 2438 856 2472 libro
892 2437 1179 2480 explanationum
1213 2436 1362 2469 secundo
1389 2435 1425 2467 in
1464 2434 1706 2472 Samuhelem;

220 2489 307 2521 Item
343 2490 494 2533 ejusdcm
529 2490 571 2521 de
607 2487 744 2521 naturis
784 2485 963 2530 lapidum'.
1022 2486 1173 2528 Reliqua
1208 2485 1250 2516 ab
1287 2485 1360 2516 alia
1395 2494 1502 2515 manu
1535 2488 1625 2522 sunt,
1663 2492 1706 2514 ex

219 2537 427 2579 Hieronymi
453 2538 611 2579 operibus
628 2538 799 2570 desumta.
910 2534 947 2578 2)
983 2535 1022 2568 V.
1059 2532 1289 2572 ValenstneHi,
1316 2531 1408 2564 Bibl.
1444 2541 1620 2563 manuscr.
1657 2529 1705 2561 ad

221 2584 259 2617 S.
296 2585 409 2618 Marc.
453 2585 513 2625 VI,
546 2597 588 2628 p.
626 2587 714 2617 149:
751 2584 879 2617 ‘Codex
919 2583 1139 2616 Civitatensis
1175 2580 1395 2614 bibliothecae
1427 2575 1630 2612 monasterii
1666 2575 1702 2609 S.

221 2632 398 2665 Dominici
425 2634 523 2675 apud
549 2633 587 2666 S.
614 2632 848 2667 Lauremium
870 2630 1094 2665 Venetiarum
1112 2631 1173 2663 hoc
1199 2630 1335 2662 saeculo
1354 2626 1465 2665 cessia-
1480 2627 1564 2668 fato
1591 2630 1706 2658 tamen

224 2679 320 2712 nobis
335 2681 482 2713 adverso
500 2688 580 2714 ante
606 2680 893 2714 monasteriorum
908 2678 1167 2722 abroyatiorzenz
1185 2690 1217 2710 a.
1243 2677 1346 2709 1867.
1370 2674 1516 2707 Venetiis
1538 2674 1705 2713 habitam,

222 2727 402 2760 Palatium
429 2728 630 2761 Dalmafiae
659 2730 706 2762 ad
732 2730 881 2772 ejusdem
908 2726 1041 2760 ordinis
1066 2724 1314 2759 monasterium
1340 2724 1530 2755 translatus
1558 2721 1628 2755 est’.
