1852 3141
302 122 446 154 PAULI
473 121 701 154 HISTORIA
728 121 1172 155 LANGOBARDORUM.
1224 122 1317 154 LIB.
1343 123 1372 154 Ι.
1533 123 1573 154 73

98 232 406 274 Iustinianuma
451 230 655 286 appellari
700 232 927 287 praecepit.
1004 232 1271 287 Rursumque
1316 232 1575 286 singulorum

97 287 435 342 magistratuumb
475 287 565 328 sive
605 286 794 327 iudicum
824 286 950 341 leges,
982 301 1089 343 quae
1119 301 1253 342 usque
1275 287 1329 327 ad
1359 287 1442 327 duo
1464 287 1577 329 milia

96 357 204 397 pene
248 341 376 384 libros
421 349 539 384 erant
588 348 799 395 extensae,
843 343 977 383 intrac
1027 342 1330 397 quinquaginta
1373 342 1577 384 librorum

94 412 315 439 numerum
345 397 528 451 redegit,
559 412 738 452 eumque
770 397 956 439 codicem
991 397 1251 452 digestorum
1282 398 1369 439 sive
1398 399 1577 453 pandec-

97 453 255 495 tarumd
288 453 496 495 vocabulo
528 454 806 508 nuncupavit.
866 453 1073 504 Quattuor
1113 453 1239 494 etiam
1270 454 1577 496 institutionum

95 507 238 561 libros,
282 510 325 549 in
371 509 524 564 quibus
563 509 746 550 breviter
782 508 1071 549 universarum
1115 507 1255 562 legum
1298 516 1438 551 textus
1483 525 1578 551 con·

94 563 384 618 prehenditur,
421 564 583 605 noviter
613 564 848 618 conposuit.
907 564 1048 604 Novas
1081 578 1247 618 quoque
1276 563 1403 619 leges,
1446 573 1577 620 quase

92 620 184 674 ipse
207 625 421 672 statuerat,
451 620 495 659 in
515 633 643 659 unum
674 617 896 659 volumenf
928 618 1368 669 redactasg,·eodem¹¹
1391 621 1578 662 codicem

94 673 320 716 novellami
350 674 584 728 nuncupa-ri
606 674 797 714 sancivit.
842 673 1047 715 Extruxit
1068 688 1235 728 quoque
1257 674 1368 715 idem
1384 678 1578 731 princeps

94 730 203 770 intra
232 731 378 771 urbem
410 727 816 783 Constantinopolim
831 729 849 755 ¹¹
873 728 1040 770 Christo
1071 729 1253 782 domino,
1286 731 1357 784 qui
1379 738 1442 771 est
1471 732 1579 786 sapi-

94 785 223 826 ential
268 784 349 825 Dei
390 784 534 839 patris,
579 784 797 839 templum,
845 783 958 839 quod
1005 783 1142 825 Greco
1186 784 1393 825 vocabulo
1438 785 1577 841 Agian

94 839 299 894 Sophian,
330 838 373 879 id
394 846 458 880 est
488 846 677 880 sanctam
708 839 971 893 sapientiam,
1002 840 1249 880 nominavit.
1310 840 1440 881 Cuius
1472 855 1577 896 opus

93 895 197 936 adeo
228 902 377 936 cuncta
406 894 598 936 aedificia
638 894 827 947 excellit,
869 901 916 936 ut
959 895 1002 934 in
1046 895 1143 935 totis
1189 902 1393 936 terrarum
1433 898 1578 951 spatiis

94 951 227 990 huic¹¹¹
260 948 393 991 simile
437 964 522 991 non
550 951 683 1006 possit
711 950 902 992 inveniri.
974 950 1078 991 Erat
1122 951 1234 991 enim
1279 950 1346 991 hic
1384 952 1578 1006 princeps

93 1005 175 1046 fide
206 1004 451 1058 catholicus,
482 1006 525 1046 in
548 1006 744 1060 operibus
766 1011 917 1058 rectus,
950 1006 992 1045 in
1013 1005 1181 1046 iudiciis
1211 1007 1368 1058 iustus3
1400 1007 1578 1062 ideoque

91 1061 129 1102 ei
160 1061 300 1101 omnia
344 1060 649 1102 concurrebant
691 1061 735 1101 in
763 1061 935 1103 bonum.
1008 1061 1146 1102 Huius
1186 1062 1446 1117 temporibus
1479 1063 1578 1105 Cas-

92 1115 283 1157 siodorus
322 1122 425 1171 aput
467 1116 614 1158 urbem
658 1116 868 1158 Romamn
913 1124 998 1158 tam
1048 1116 1226 1158 seculari
1267 1132 1393 1173 quam
1438 1118 1579 1159 divina

92 1171 267 1212 scientia
303 1169 461 1212 claruit.
521 1172 606 1224 Qui
649 1172 757 1213 inter
792 1179 959 1214 cetera⁰
994 1187 1101 1227 quae
1144 1172 1341 1214 nobiliter
1382 1174 1577 1228 scripsitp

90 1226 349 1282 psalmorum
380 1227 607 1282 praecipue
644 1227 810 1269 occulta
852 1228 1170 1283 potentissimeq
1206 1228 1420 1270 reseravit.
1494 1229 1578 1270 Hic

90 1283 286 1337 primitus
309 1282 467 1335 consul,
498 1282 649 1324 deinde
681 1290 885 1333 senatorr,
927 1283 980 1324 ad
1018 1290 1275 1338 postremum
1306 1299 1405 1325 vero
1436 1299 1577 1326 inona-

92 1337 217 1379 chusS
261 1338 432 1379 exstitit.
483 1338 579 1379 Hoc
608 1340 734 1380 etiam
764 1344 952 1394 tempore
980 1339 1222 1379 Dionisiust
1261 1338 1372 1381 abba
1401 1340 1444 1379 in
1475 1340 1578 1382 urbe

90 1393 226 1434 Roma
256 1393 504 1435 constitutus
535 1393 730 1449 pascaleu
762 1393 968 1435 calculum
998 1394 1188 1435 miranda
1217 1396 1580 1449 argumentatione

92 1449 356 1503 conposuitl.
415 1448 536 1489 Tunc
569 1464 736 1512 quoque
766 1455 870 1504 aput
901 1449 1307 1505 Constantinopolim
1338 1451 1577 1492 Priscianus

92 1503 379 1545 Caesariensis
408 1510 666 1557 gramatlcae
710 1506 825 1557 artis,
870 1512 915 1547 ut
945 1506 1004 1545 ita
1047 1505 1240 1558 dixerim,
1286 1507 1496 1560 profunda
1525 1508 1577 1547 ri-

90 1565 227 1599 matus
258 1565 332 1600 est.
390 1559 625 1615 Tuncquev
648 1559 918 1601 nihilominus
938 1561 1104 1612 Arator,
1128 1561 1342 1603 Romanae
1373 1561 1576 1603 ecclesiae

93 1614 392 1667 subdiaconus,
435 1621 561 1670 poeta
605 1615 821 1668 mirabilis,
873 1616 1159 1671 apostolorum
1213 1624 1332 1658 actus
1382 1617 1576 1659 versibus

90 1670 316 1711 exametris
347 1671 587 1711 exaravitw.

200 1725 265 1766 26.
325 1724 459 1765 Hisx·²
477 1740 643 1781 quoque
665 1725 814 1767 diebus
834 1726 1099 1768 beatissimus
1120 1727 1377 1768 Benedictus
1398 1734 1517 1783 pater
1537 1736 1577 1770 et

88 1780 206 1836 prius
236 1781 279 1821 in
309 1779 398 1821 loco
446 1795 517 1836 qui
548 1780 754 1822 Sublacus
767 1788 826 1816 1-3
858 1780 1047 1835 *dicitu1·,
1094 1783 1165 1837 qui
1209 1782 1261 1824 ab
1307 1783 1411 1824 urbe
1441 1784 1598 1825 Roma'
1631 1816 1637 1823 .
1687 1814 1694 1821 .

89 1888 117 1920 a)
141 1888 303 1913 Iustiniani
334 1887 360 1912 A
382 1888 409 1913 3.
442 1889 468 1913 D
492 1886 532 1915 ‘3.
556 1889 582 1913 3.
606 1888 633 1914 5.
656 1889 682 1915 9.
718 1889 741 1913 F
764 1889 797 1920 33
840 1890 1063 1914 Iustinianeum
1094 1890 1120 1914 D
1145 1890 1170 1914 2.
1205 1890 1230 1915 G
1252 1891 1303 1921 5c;
1345 1891 1417 1915 deese
1449 1891 1475 1916 Α
1498 1892 1524 1917 5.
1549 1893 1575 1917 6.

89 1928 119 1959 1))
144 1927 336 1957 magistratus
367 1927 390 1951 F
417 1928 446 1958 13
481 1929 691 1958 magistratum
714 1927 739 1953 G
764 1929 788 1954 1.
879 1928 904 1960 ο)
930 1929 1002 1953 deest
1032 1929 1053 1954 C
1080 1930 1103 1954 l.
1129 1930 1154 1954 2.
1185 1930 1211 1954 D
1238 1931 1281 1954 la.
1307 1930 1332 1955 3.
1414 1930 1442 1962 d)
1467 1932 1576 1962 pande-

89 1970 187 1992 tarum
209 1966 232 1990 E
258 1967 284 1991 1.
314 1967 337 1990 F
362 1967 386 1991 1.
410 1967 434 1992 3.
471 1966 497 1991 G
521 1968 546 1993 1.
568 1968 594 1992 2.
619 1965 657 1991 ⁸3.
691 1967 717 1993 3.
742 1968 773 1997 43
802 1968 1003 1998 pandotarum
1035 1967 1060 1992 G
1083 1968 1134 1998 5a;
1164 1969 1382 1999 pandaetarum
1405 1970 1427 1993 F
1452 1971 1482 1997 2:
1506 1977 1576 2001 pan-

90 2006 240 2030 dattarum
262 2005 284 2029 F
309 2006 334 2031 5.
417 2004 444 2037 e)
468 2005 574 2031 deestB
590 2007 614 2030 1.
696 2006 718 2038 f)
742 2006 899 2032 volumine
920 2007 943 2031 F
959 2009 982 2032 1.
1066 2007 1096 2038 g)
1121 2008 1260 2033 reductas
1285 2008 1309 2032 G
1324 2008 1414 2038 1-43
1438 2009 1576 2033 redactos

91 2045 117 2070 D
142 2045 173 2075 13
196 2044 326 2069 redactis
350 2043 375 2069 G
398 2042 439 2069 ⁸5.
463 2046 507 2071 50.
531 2045 553 2069 G
588 2045 677 2076 Neap.
758 2044 789 2077 h)
814 2046 853 2070 ita
875 2047 899 2071 A
924 2047 949 2072 1.
979 2044 1017 2071 ¹2.
1043 2046 1068 2072 2.
1091 2047 1116 2070 3.
1140 2047 1164 2071 Β
1189 2048 1213 2074 1,
1237 2046 1259 2071 C
1275 2047 1298 2072 l.
1321 2048 1348 2071 D
1366 2048 1390 2073 1.
1414 2048 1437 2072 E
1463 2050 1486 2072 1.
1510 2048 1575 2072 Fi.

92 2083 118 2108 G
143 2084 166 2109 l.
190 2080 230 2108 ‘3.
253 2083 292 2112 33
316 2090 445 2114 eumque
470 2083 493 2108 G
518 2084 550 2115 23
574 2084 703 2108 eundem
725 2091 737 2108 e
764 2092 839 2108 corr.
862 2085 898 2116 D,
930 2085 990 2112 alii,
1024 2085 1058 2109 G.
1081 2085 1171 2116 Scap.
1261 2084 1282 2117 i)
1307 2086 1428 2111 novella
1451 2087 1472 2111 C
1499 2089 1524 2112 1.
1549 2088 1575 2111 2.

90 2123 116 2147 D
141 2123 167 2147 1.
204 2121 356 2147 nobellum
393 2122 418 2147 (ἶ
441 2120 488 2152 ‘33
522 2123 621 2153 legem
653 2123 806 2148 novellam
840 2123 865 2148 G
888 2122 928 2150 ⁸5.
951 2123 998 2149 5b.
1021 2131 1045 2148 c.
1147 2124 1178 2156 k)
1202 2124 1470 2156 Constantinopoli
1505 2126 1527 2150 P
1551 2128 1575 2150 1.

90 2160 111 2193 1)
135 2161 316 2192 sapientiam
331 2161 353 2185 1³
369 2163 392 2186 1.
456 2160 496 2194 m)
519 2161 592 2186 illuc
616 2160 652 2194 (ἲ)
676 2162 805 2187 similem
827 2170 900 2189 corr.
924 2163 993 2187 huie
1016 2163 1116 2188 simile
1138 2164 1160 2187 F
1177 2165 1202 2188 1.
1264 2164 1295 2195 n)
1318 2165 1485 2189 Romanam
1498 2164 1522 2189 Α
1537 2163 1576 2190 ⁸3.

93 2198 122 2231 o)
146 2199 259 2224 cetheri
290 2199 316 2224 A
340 2201 365 2225 1.
402 2215 433 2219 —
469 2207 557 2231 quem
580 2200 605 2225 A
629 2202 656 2225 2.
758 2200 788 2233 p)
812 2202 991 2233 conseripsit
1014 2201 1039 2226 G
1064 2203 1088 2226 1.
1114 2203 1140 2227 2.
1164 2201 1202 2227 ·3.
1226 2202 1251 2227 3.
1354 2202 1383 2234 q)
1407 2204 1477 2227 deest
1500 2204 1526 2228 D
1551 2204 1576 2228 2.

93 2237 117 2269 r)
143 2240 265 2263 sanator
306 2237 331 2262 A
355 2239 385 2268 2;
434 2239 519 2263 salva
561 2240 582 2264 U
607 2240 632 2265 2.
675 2239 700 2263 (i
723 2240 769 2265 38..
889 2239 913 2272 s)
938 2241 1119 2265 monachum
1161 2242 1184 2266 F
1208 2242 1233 2268 l.
1342 2241 1364 2273 t>
1387 2243 1477 2269 Diun.
1502 2242 1527 2267 G
1551 2244 1575 2267 1.

93 2275 124 2309 u)
149 2277 187 2301 ita
210 2276 234 2300 A
259 2277 285 2302 1.
308 2277 330 2301 Β
355 2278 382 2302 2.
405 2277 427 2302 F
451 2278 476 2303 2.
501 2278 527 2303 3.
549 2279 580 2309 4?
603 2278 745 2309 paschale
774 2278 800 2302 A
823 2277 863 2303 ·2.
889 2281 913 2304 2.
937 2280 963 2304 3.
987 2280 1012 2305 6.
1036 2281 1059 2304 Β
1086 2282 1110 2305 1.
1135 2280 1157 2306 C
1181 2281 1203 2305 1.
1231 2282 1256 2305 2.
1280 2281 1305 2305 3.
1335 2282 1373 2305 D.
1405 2282 1428 2306 F
1453 2283 1478 2307 1.
1503 2281 1528 2305 G
1552 2283 1576 2305 1.

94 2316 119 2342 2.
143 2314 181 2342 ’3.
204 2315 251 2340 5a.
274 2315 287 2339 Ι
310 2316 341 2345 3;
364 2317 516 2346 pascalem
538 2317 561 2341 F
584 2317 611 2342 5.
636 2317 661 2342 G
683 2318 710 2343 3.
733 2318 760 2342 4.
783 2318 832 2348 503
855 2318 1029 2349 paschalem
1052 2319 1111 2345 alii.
1193 2318 1222 2350 v)
1246 2320 1331 2344 Tunc
1354 2327 1474 2351 quoque
1496 2320 1522 2344 A
1538 2320 1577 2344 2?

94 2356 117 2380 B
144 2355 170 2380 1.
193 2354 216 2379 G
240 2354 266 2386 3,
289 2354 355 2385 alii3
377 2355 462 2379 'runo
485 2355 506 2380 C
529 2354 567 2380 ‘l.
593 2356 619 2381 1.
643 2356 668 2380 D
683 2357 707 2381 1.
788 2355 827 2387 w)
850 2363 897 2388 ap.
914 2358 1096 2382 —exaravit
1118 2358 1174 2382 (lea.
1199 2358 1223 2383 G
1248 2359 1274 2383 2.
1356 2358 1387 2389 x)
1412 2360 1509 2383 varias
1529 2359 1578 2382 lec—

95 2394 184 2418 tiones
204 2393 327 2417 codicum
351 2393 552 2423 Oasinensium,
575 2394 751 2426 aliorumque
772 2395 821 2426 qui
842 2395 955 2426 sinqula
977 2397 1119 2420 continent
1142 2398 1269 2421 carmina
1294 2398 1390 2429 (Ar-ch.
1415 2398 1447 2423 X.
1467 2405 1496 2429 p.
1512 2398 1576 2427 289,

97 2433 186 2457 adde:
212 2431 258 2463 14)
284 2432 510 2457 Laurentianum
532 2433 610 2462 XVI,
634 2434 680 2459 28.
702 2441 723 2457 s.
746 2433 796 2459 XI.
822 2434 889 2463 inc.;
922 2433 968 2466 15)
1001 2435 1216 2460 ‹tctohonianzcm
1247 2437 1313 2464 477.
1352 2444 1376 2460 ε.
1397 2435 1468 2467 XII)
1507 2436 1575 2460 indi-

94 2472 233 2496 cavimus:
258 2470 375 2503 lamine)
399 2472 424 2497 1.
505 2471 536 2504 y)
559 2471 691 2497 Sublacu
725 2471 746 2497 O
777 2470 815 2498 ⁸1.
842 2474 853 2497 1
885 2473 972 2505 (corr.
994 2473 1161 2505 Sublaeus).
1193 2475 1218 2499 D
1250 2477 1274 2499 1.
1309 2476 1328 2499 F
1353 2476 1377 2500 1.
1401 2476 1428 2500 3.
1453 2475 1477 2499 G
1501 2476 1527 2500 1.
1552 2476 1577 2500 2.

97 2510 135 2536 ⁸3.
159 2511 190 2540 43
213 2509 344 2535 Sublaco
368 2509 393 2533 G
416 2509 462 2535 512.

101 2596 134 2639 1)
165 2596 217 2638 Cf.
244 2596 357 2637 Beda,
390 2607 489 2638 quem
516 2601 631 2629 tamen
658 2596 718 2629 Ιιοσ
745 2598 815 2629 loco
845 2609 866 2630 a
892 2598 1005 2631 Paulo
1034 2599 1243 2641 exscriptum
1272 2600 1329 2632 vil-0
1357 2600 1575 2633 crediderim.

98 2644 135 2687 2)
167 2645 263 2685 Quae
290 2645 351 2677 hoc
378 2656 455 2686 cap.
483 2645 699 2677 eontinentur
716 2645 793 2687 jam
829 2652 908 2679 aule
935 2647 1247 2691 Lanyofflnnlorum
1276 2648 1455 2681 historiam
1475 2660 1574 2691 sepa-

96 2693 201 2726 ratim
219 2693 327 2727 edidit
347 2692 504 2732 Paulus;
531 2704 640 2735 eaque
660 2704 700 2726 er
728 2694 828 2727 codd.
845 2694 1088 2728 casinensibus
1118 2697 1363 2739 impr-[misecit
1377 2697 1573 2730 Betlzmann

95 2742 200 2776 Arch.
228 2742 271 2783 X,
292 2753 331 2783 Ρ.
359 2742 428 2773 325
455 2753 527 2784 sqq.
628 2743 665 2785 3)
693 2741 856 2776 sublaco.
