1852 3141
94 799 143 832 'p.
170 801 233 826 148.

250 116 317 148 188
459 117 603 148 PAULI
632 117 860 149 HISTORIA
887 116 1328 151 LANGOBARDORUM.
1380 118 1473 149 LIB.
1501 118 1545 149 V.

245 226 367 267 nulus
380 233 409 278 a,
441 226 639 267 ducatum
662 226 843 268 tenebat.
889 226 973 278 Qui
995 227 1135 268 statim
1156 235 1201 269 ut
1221 229 1484 282 imperatoris
1501 228 1731 270 adventum

246 282 458 336 cognovit,
502 282 728 322 nutricium
767 296 890 322 suum
933 283 1100 323 nomine
1146 281 1424 324 Sesualdumb
1469 284 1524 325 ad
1567 292 1730 340 patrem

247 336 542 378 Grimualdum
571 344 686 377 trans
715 337 878 377 Padum
912 337 1077 389 direxit,
1109 338 1346 390 obsecrans,
1377 346 1447 380 utc
1478 341 1732 396 quantocius

245 394 407 433 veniret
442 392 612 447 filioque
658 406 733 433 suo
777 407 825 432 ac
870 393 1194 445 Beneventanis,
1241 408 1346 448 quos
1391 395 1480 449 ipse
1515 397 1732 448 nutrierat,

244 454 436 503 potenter
472 454 748 488 succurreret.
794 448 947 500 Quodd
989 448 1213 490 Grimuald
1252 464 1328 490 rex
1364 450 1553 504 audiens,
1591 453 1731 492 statim

246 518 343 544 cum
383 504 572 545 exercitu
613 502 698 544 filio
742 502 903 544 laturus
948 504 1181 544 auxih’ume
1222 505 1512 546 Beneventum
1555 521 1731 562 pergere

246 561 396 614 coepit.
457 560 595 611 Quem
624 558 764 614 plures
795 574 847 601 ex
864 559 1158 615 Langobardis
1180 561 1222 600 in
1254 561 1400 601 itinere
1430 560 1727 617 relinquentes,

246 615 300 656 ad
316 615 487 670 propria
502 622 754 668 remearunt,
767 615 967 667 dicentes,
985 617 1085 671 quia
1101 615 1356 671 expoliasset
1372 615 1574 671 palatium
1592 625 1632 658 et
1647 618 1731 658 iam

246 685 332 711 non
359 686 605 711 reversurus
635 672 866 725 repeterets
894 671 1199 712 Beneventum.
1256 672 1430 713 Interim
1468 673 1732 727 imperatoris

249 727 458 769 exercitus
495 727 785 768 Beneventum
823 727 1002 768 diversis
1042 727 1246 768 machinis
1293 727 1563 769 vehementer
1601 743 1733 783 expu-

248 783 418 835 gnabat,
449 784 644 823 econtra*
674 782 910 823 *Romuald
940 797 1035 824 cum
1056 783 1349 837 Langobardis
1378 783 1541 825 fortiter
1569 785 1733 825 resiste-

248 837 360 879 bat-g.
420 838 505 889 Qui
535 839 727 893 quamvis
759 839 885 878 cumh
915 845 1031 880 tanta
1060 839 1325 880 multitudine
1356 839 1556 894 congredi
1586 840 1732 880 manui

245 893 299 934 ad
338 908 511 934 manum
540 901 714 949 propter
751 895 1008 948 paucitatem
1049 897 1260 936 exercitus
1299 910 1383 935 non
1423 895 1608 947 auderet,
1653 895 1734 935 fre-

246 956 424 1004 quenter
442 956 585 990 tamen
606 964 702 990 cum
733 950 940 1004 expeditis
970 950 1193 992 iuvenibus
1215 950 1397 992 hostium
1419 958 1557 991 castra
1576 951 1733 991 inrum-

244 1019 362 1058 pens,
400 1018 575 1059 magnas
621 1005 808 1046 eisdemk
848 1006 1054 1048 inferebat
1092 1006 1280 1062 undique
1320 1006 1474 1047 clades.
1534 1005 1730 1061 Cumque

246 1059 490 1112 Grimuald,
531 1061 620 1100 eius
658 1068 790 1116 pater,
831 1062 1020 1116 iamque¹
1051 1069 1296 1116 properaret
1309 1071 1348 1113 ¹¹¹,
1389 1061 1568 1103 eundem
1598 1062 1729 1103 nutri-

246 1116 361 1156 cium
383 1116 484 1167 eius,
516 1115 568 1156 de
591 1130 674 1170 quo
696 1117 1002 1170 praemisimus,
1025 1117 1079 1158 ad
1099 1117 1232 1158 filium
1253 1118 1380 1170 misit,
1413 1118 1486 1173 qui
1501 1126 1518 1143 ¹¹
1541 1118 1579 1158 ei
1602 1132 1727 1158 suum

245 1171 474 1211 adventum
498 1172 724 1212 nuntiaret.
784 1171 868 1223 Qui
901 1186 998 1212 cum
1028 1186 1160 1227 prope
1190 1173 1482 1214 Beneventum
1520 1173 1728 1224 venisset,

244 1241 269 1266 a.
309 1226 459 1267 Grecis
500 1234 648 1282 captus
687 1228 931 1282 imperatori
973 1227 1134 1268 delatus
1166 1234 1239 1268 est.
1300 1229 1412 1280 Qui⁰
1443 1229 1496 1269 ab
1527 1243 1575 1269 eo
1616 1228 1728 1269 unde

244 1281 486 1322 adveniretp
517 1283 749 1337 requirens,
786 1282 854 1323 ille
885 1297 929 1323 se
960 1297 985 1322 a·
1016 1283 1263 1324 Grimualdo
1304 1299 1403 1339 rege
1440 1285 1584 1324 venire
1622 1283 1730 1325 dixit

245 1337 509 1392 eundemque
556 1347 726 1393 regemq
768 1339 890 1379 citius
929 1338 1154 1380 adventare
1194 1340 1414 1380 nuntiavit.
1492 1339 1730 1394 Statimque

244 1393 474 1448 imperator
503 1394 740 1446 exterritus,
773 1393 996 1434 consilium
1028 1408 1123 1434 cum
1154 1395 1238 1435 suis
1268 1395 1374 1447 iniit,
1404 1402 1611 1450 quatenus
1632 1409 1730 1435 cum

243 1447 505 1489 Romualdor
534 1450 832 1503 pacisceretur,
862 1455 933 1490 utS
964 1449 1188 1505 Neapolim
1218 1450 1569 1505 possit‚1'eve1·ti².

356 1503 394 1544 8.
453 1504 758 1560 Accepi-aquen
792 1504 939 1546 obside
960 1505 1186 1546 Romualdi
1217 1514 1442 1558 sororemV‚
1476 1506 1541 1546 cui
1570 1520 1724 1546 nomen

246 1557 351 1600 Gisa-
387 1559 486 1612 fuit,
525 1574 622 1601 cum
662 1560 810 1602 eodem
850 1575 999 1616 pacem
1029 1561 1140 1602 fecit.
1199 1561 1331 1602 Eiusl
1370 1576 1470 1602 vero
1501 1562 1729 1602 nutricium

287 1679 316 1721 ¹)
344 1681 374 1712 A
402 1681 422 1711 6
451 1692 492 1713 ea:
524 1681 598 1713 vita
624 1679 663 1713 S.
688 1681 842 1713 Bao-bati
875 1694 902 1713 c.
929 1683 950 1712 4
990 1693 1061 1724 sqq.
1096 1682 1181 1714 haee
1221 1681 1422 1723 ampliavit:
1466 1681 1512 1713 At
1540 1686 1660 1713 contra
1684 1681 1729 1714 R.

346 1739 422 1761 cum
450 1729 707 1771 Langobardis,
734 1735 773 1762 ut
800 1735 874 1762 erat
901 1732 1145 1772 magnanimus
1168 1735 1202 1763 et
1227 1731 1480 1772 imperterritus
1506 1748 1552 1752 —
1579 1729 1729 1761 revoluti

343 1788 424 1809 suos
451 1778 582 1810 adeunt
608 1777 707 1811 fines.

246 1884 274 1916 a)
300 1886 339 1909 ita
361 1885 386 1909 A
411 1887 436 1910 1.
462 1886 486 1910 2.
518 1886 544 1911 D
569 1887 594 1910 1.
627 1887 651 1911 Ε
677 1888 701 1910 1.
735 1886 761 1912 G
785 1889 809 1912 1.
835 1888 860 1911 2.
884 1886 929 1917 ’ὃς
962 1887 1125 1911 iubenulus
1147 1886 1170 1910 F
1194 1888 1224 1916 13
1255 1885 1414 1910 iux-eculus
1436 1885 1462 1910 A
1485 1885 1516 1916 33
1549 1885 1730 1910 iuvent-ulus

246 1923 268 1949 C
292 1925 318 1948 1.
342 1924 367 1949 2.
390 1924 418 1947 D
442 1924 468 1947 2.
492 1924 518 1955 3,
540 1925 600 1948 alii.
681 1924 712 1957 b)
736 1926 775 1949 ita
799 1926 830 1950 C.
852 1927 885 1951 F.
909 1926 935 1951 G
957 1926 984 1951 3.
1007 1926 1041 1955 43
1064 1925 1242 1950 Sesoaldum
1265 1926 1289 1949 A
1314 1926 1338 1956 1,
1360 1925 1425 1955 ali&
1449 1924 1636 1949 Seswaldum
1661 1924 1686 1949 G
1700 1926 1726 1948 1.

246 1963 274 1989 2.
289 1963 340 1993 503
363 1962 535 1987 Sisoaldum
556 1963 623 1988 ΒΖ.
705 1963 731 1994 e)
755 1971 823 1989 eum
846 1968 877 1988 ut
897 1965 931 1990 F.
946 1964 981 1990 G.
1006 1965 1058 1990 12.
1083 1965 1108 1988 3.
1189 1964 1217 1994 d)
1240 1971 1342 1988 norum
1366 1964 1451 1995 (VIII)
1474 1971 1536 1994 cap.
1561 1964 1612 1989 inc.
1634 1963 1660 1987 A
1683 1962 1723 1988 ²3.

244 2000 272 2032 e)
296 2001 412 2025 auxilio
434 2002 460 2025 A
483 2003 509 2027 2.
609 2002 633 2033 f)
656 2007 793 2034 repetere
816 2004 838 2027 F
863 2005 887 2029 1.
989 2002 1019 2035 g)
1043 2003 1203 2028 resistebat
1238 2017 1270 2022 —
1304 2003 1488 2033 paucitatem
1521 2003 1551 2026 in
1572 2002 1725 2033 exemplari

245 2040 320 2071 quod
340 2040 419 2065 codd.
452 2041 485 2065 F.
519 2040 554 2066 G.
588 2041 602 2065 1
625 2041 640 2065 3
661 2043 748 2066 secuti
770 2046 836 2066 sunt
857 2042 1020 2073 defuerunt.
1073 2042 1108 2066 In
1138 2042 1161 2066 F
1186 2044 1199 2065 1
1222 2044 1364 2065 corrector
1386 2043 1475 2065 erasis
1498 2041 1640 2065 vocabulis
1662 2048 1723 2065 non

244 2079 369 2104 auderet
381 2082 404 2103 ec
426 2080 483 2103 αῖῖο
504 2080 694 2111 supplemento
718 2081 798 2113 (fort.
821 2085 959 2106 metuens
981 2082 1132 2106 exercitus
1156 2081 1298 2110 congredi
1312 2088 1373 2104 non
1395 2081 1528 2109 auderet,
1551 2083 1581 2104 ut
1603 2079 1724 2111 videtur)

244 2121 390 2150 expuncto,
411 2119 564 2149 supplevit:
588 2120 755 2145 resistebat.
799 2120 857 2150 Qui
881 2135 914 2139 —-
937 2128 997 2145 non
1020 2121 1161 2151 auderet3
1182 2119 1205 2143 F
1229 2118 1257 2143 ¹2
1279 2120 1404 2150 scripsit:
1437 2123 1467 2144 et
1489 2121 1594 2143 eontra
1614 2119 1724 2143 Romu-

244 2157 346 2182 aldum
369 2164 395 2181 c.
418 2157 453 2181 L.
477 2157 499 2184 f.
520 2158 670 2183 exereitus
692 2166 753 2183 non
775 2160 916 2190 auderet3
938 2160 951 2183 1
975 2160 1008 2184 3:
1031 2159 1152 2184 fortiter
1174 2159 1310 2183 exerceri
1332 2165 1393 2183 non
1415 2159 1558 2189 auderet3
1578 2158 1602 2182 F
1624 2158 1641 2181 4
1659 2160 1725 2188 post

243 2196 361 2220 sortiter
384 2197 516 2220 Inseruit:
548 2199 577 2222 et
597 2198 622 2221 si
643 2198 755 2229 palam3
774 2199 797 2222 F
821 2198 836 2223 5
858 2199 938 2229 Ieyit:
961 2199 1027 2222 fort.
1048 2198 1218 2223 resistebat.
1266 2197 1324 2222 Sed
1347 2204 1413 2222 cum
1436 2197 1603 2222 exereitum
1625 2196 1726 2220 admo-

243 2241 315 2260 vere
338 2241 399 2259 non
421 2235 561 2266 auderet3
585 2235 748 2263 G1‚¹3.4:
772 2244 839 2261 cum
860 2237 979 2262 fortiter
999 2237 1149 2262 exercitus
1172 2244 1233 2261 non
1255 2236 1391 2267 auderet3
1416 2235 1482 2262 G3.
1498 2237 1550 2261 3a:
1572 2236 1726 2260 exereitus

244 2273 424 2306 (exercitum
447 2274 495 2305 321)
528 2275 718 2306 imperatoris
741 2276 970 2308 demoliebatur,
1004 2277 1048 2300 ita.
1076 2279 1179 2300 tamen
1201 2279 1233 2300 ut
1254 2276 1286 2300 in
1308 2282 1358 2300 eos
1381 2282 1448 2300 eum
1471 2275 1635 2307 expeditis3
1658 2273 1684 2299 G
1707 2275 1723 2298 2

242 2313 273 2336 in
284 2313 343 2337 loco
367 2320 432 2337 raso
454 2313 513 2337 alia
534 2321 638 2338 manu:
662 2322 729 2339 eum
751 2316 831 2339 foras
853 2316 1021 2341 exercitum
1042 2315 1209 2346 producere
1231 2322 1292 2339 11011
1313 2315 1448 2339 auderet.
1527 2314 1558 2344 h)
1578 2317 1641 2338 tum
1655 2315 1681 2338 A
1697 2315 1724 2340 2.

242 2350 264 2383 i)
290 2359 412 2376 manum
435 2359 527 2376 mauu
549 2353 574 2376 A
597 2353 624 2378 3.
704 2353 736 2385 k)
759 2355 803 2387 eis
824 2355 847 2378 B
872 2356 896 2379 1.
986 2353 1008 2386 1)
1032 2354 1092 2378 iam
1120 2354 1143 2378 F
1165 2354 1192 2378 4.
1218 2353 1258 2384 Gq
1289 2354 1410 2384 iamque
1432 2361 1506 2379 corr.
1537 2354 1724 2383 iamiamque

216 2384 223 2393 ⁵
242 2390 269 2414 D
294 2391 321 2414 1.
343 2391 366 2414 F
391 2392 416 2422 1,
448 2394 472 2415 ec
492 2391 533 2415 ita
555 2393 637 2416 ceteri
666 2393 701 2418 D.
736 2393 762 2416 A
785 2394 869 2418 2—6.
898 2394 922 2418 B
947 2394 973 2418 1.
998 2395 1042 2417 la.
1066 2393 1091 2418 2.
1122 2393 1145 2417 F
1167 2392 1193 2417 5.
1214 2392 1252 2417 H.
1352 2392 1393 2425 m)
1415 2393 1634 2423 propinquaret
1655 2392 1681 2416 D
1708 2393 1721 2415 1

243 2436 255 2453 ε
276 2436 360 2459 corr„
383 2433 406 2453 ει
429 2430 468 2454 ita
489 2431 571 2454 ceteri
591 2431 629 2455 D.
650 2431 679 2455 H
702 2433 731 2461 1;
752 2432 987 2463 propinquasset
1009 2432 1030 2457 C
1054 2432 1081 2458 2.
1160 2430 1192 2462 n)
1216 2437 1273 2461 que
1295 2431 1317 2455 F
1332 2432 1357 2455 1.
1438 2430 1466 2463 o)
1488 2431 1546 2460 Qui
1571 2445 1604 2449 -—
1626 2431 1725 2461 requi-

243 2474 312 2492 rens
334 2468 389 2493 des.
413 2469 438 2493 A
463 2470 491 2493 1.
515 2469 541 2493 2.
631 2468 662 2501 p)
687 2470 860 2496 advenisset
883 2470 908 2495 G
931 2471 957 2496 3.
980 2471 1016 2498 4;
1047 2470 1165 2495 veniret
1196 2470 1220 2494 A
1244 2470 1270 2494 2.
1294 2469 1321 2494 3.
1345 2471 1370 2495 4.
1394 2470 1421 2494 6.
1443 2470 1470 2494 D
1486 2472 1530 2495 la.
1555 2470 1581 2495 2.
1605 2469 1632 2493 3.
1655 2470 1679 2493 E
1695 2471 1721 2494 l.

242 2507 264 2530 F
288 2505 329 2532 '2.
351 2507 377 2530 4.
400 2507 426 2533 5.
451 2507 477 2532 G
498 2508 542 2534 50.
566 2508 580 2532 1
604 2508 629 2532 2.
652 2508 676 2532 L
699 2510 724 2534 1.
797 2509 827 2540 q)
851 2516 921 2541 rege
943 2510 966 2534 F
990 2511 1016 2533 1.
1086 2508 1111 2541 r)
1134 2509 1304 2534 Rumuaido
1327 2509 1377 2533 hoc
1397 2509 1456 2533 loeo
1480 2508 1506 2533 G
1529 2510 1553 2534 1.
1615 2507 1639 2540 s)
1663 2510 1691 2532 et
1713 2508 1725 2531 i

241 2544 401 2576 Neapolim
423 2545 449 2569 A
471 2547 498 2571 2.
578 2546 601 2578 t)
623 2548 762 2573 revenire
783 2549 806 2572 F
820 2550 844 2572 1.
925 2547 956 2580 u)
979 2547 1113 2579 Accepta
1134 2555 1253 2578 quoque
1275 2547 1340 2572 Aa).
1420 2546 1450 2579 v)
1474 2548 1513 2572 ita
1534 2547 1587 2572 Al
1611 2553 1723 2578 εαονν..

243 2584 327 2608 2-5.
348 2585 372 2609 Β
397 2585 422 2611 1.
447 2585 472 2610 2.
496 2585 518 2611 C
542 2586 567 2611 1.
590 2586 617 2610 D
642 2587 667 2610 1.
688 2587 712 2611 F
736 2588 760 2612 1.
787 2586 813 2612 G
836 2588 861 2612 1.
884 2587 911 2612 2.
934 2586 980 2618 ’ὃς
1002 2593 1087 2612 soror
1110 2586 1135 2612 G
1158 2587 1189 2617 3;
1212 2593 1315 2611 sorore
1336 2587 1426 2611 ceteri.

244 2680 280 2722 1)
309 2681 389 2713 Non
429 2683 510 2716 bene
536 2684 602 2716 sibi
627 2685 809 2717 cohaerere
835 2684 943 2717 Pauli
967 2684 1217 2724 narrationem,
1249 2690 1363 2726 patet.
1414 2683 1588 2723 Fortasse,
1628 2695 1720 2726 quae

240 2729 283 2761 cle
310 2727 481 2763 Sesualclo
506 2733 612 2773 refert
632 2745 756 2775 pacem
776 2732 1020 2774 praecessisse,
1046 2733 1269 2765 statuendum
1295 2737 1354 2765 est.

1839 2795 1852 2861 -ff-
1845 2734 1852 2784 -μ-
1847 2690 1852 2724 -.
