<?xml version="1.0" encoding="UTF-8"?>
<!DOCTYPE html PUBLIC "-//W3C//DTD XHTML 1.0 Transitional//EN"
    "http://www.w3.org/TR/xhtml1/DTD/xhtml1-transitional.dtd">
<html xmlns="http://www.w3.org/1999/xhtml" xml:lang="en" lang="en">
 <head>
  <title>
</title>
<meta http-equiv="Content-Type" content="text/html;charset=utf-8" />
  <meta name='ocr-system' content='tesseract 3.04.00' />
  <meta name='ocr-capabilities' content='ocr_page ocr_carea ocr_par ocr_line ocrx_word'/>
</head>
<body>
  <div class='ocr_page' id='page_1' title='image "./paulihistorialan00paul_0173.png"; bbox 0 0 1852 3141; ppageno 0'>
   <div class='ocr_carea' id='block_1_1' title="bbox 279 117 1587 152">
    <p class='ocr_par' dir='ltr' id='par_1_1' title="bbox 279 117 1587 152">
     <span class='ocr_line' id='line_1_1' title="bbox 279 117 1587 152; baseline -0.003 0"><span class='ocrx_word' id='word_1_1' title='bbox 279 120 424 152; x_wconf 88' lang='lat' dir='ltr'><strong>PAULI</strong></span> <span class='ocrx_word' id='word_1_2' title='bbox 451 118 681 151; x_wconf 85' lang='lat' dir='ltr'><strong>HISTORIA</strong></span> <span class='ocrx_word' id='word_1_3' title='bbox 706 117 1152 151; x_wconf 85' lang='lat' dir='ltr'>LANGOBARDORUM.</span> <span class='ocrx_word' id='word_1_4' title='bbox 1204 118 1296 151; x_wconf 88' lang='lat' dir='ltr'>LIB.</span> <span class='ocrx_word' id='word_1_5' title='bbox 1324 118 1386 150; x_wconf 90' lang='lat' dir='ltr'>IV.</span> <span class='ocrx_word' id='word_1_6' title='bbox 1521 117 1587 149; x_wconf 85' lang='lat'>165</span> 
     </span>
    </p>
   </div>
   <div class='ocr_carea' id='block_1_2' title="bbox 93 227 1590 2063">
    <p class='ocr_par' dir='ltr' id='par_1_2' title="bbox 108 227 1590 951">
     <span class='ocr_line' id='line_1_2' title="bbox 112 227 1588 285; baseline -0.003 -13"><span class='ocrx_word' id='word_1_7' title='bbox 112 232 213 272; x_wconf 90' lang='lat' dir='ltr'>dens</span> <span class='ocrx_word' id='word_1_8' title='bbox 245 237 493 282; x_wconf 86' lang='lat' dir='ltr'>extremum,</span> <span class='ocrx_word' id='word_1_9' title='bbox 527 230 712 285; x_wconf 86' lang='lat' dir='ltr'>quinque</span> <span class='ocrx_word' id='word_1_10' title='bbox 743 245 797 270; x_wconf 80' lang='lat' dir='ltr'>ex</span> <span class='ocrx_word' id='word_1_11' title='bbox 827 245 870 270; x_wconf 91' lang='lat' dir='ltr'>se</span> <span class='ocrx_word' id='word_1_12' title='bbox 899 229 1062 283; x_wconf 88' lang='lat' dir='ltr'>genitos</span> <span class='ocrx_word' id='word_1_13' title='bbox 1092 228 1197 270; x_wconf 87' lang='lat' dir='ltr'>filios</span> <span class='ocrx_word' id='word_1_14' title='bbox 1228 228 1366 270; x_wconf 85' lang='lat' dir='ltr'>adhuc</span> <span class='ocrx_word' id='word_1_15' title='bbox 1388 227 1588 283; x_wconf 82' lang='lat' dir='ltr'>parvulos</span> 
     </span>
     <span class='ocr_line' id='line_1_3' title="bbox 112 284 1589 341; baseline -0.001 -15"><span class='ocrx_word' id='word_1_16' title='bbox 112 285 297 340; x_wconf 82' lang='lat' dir='ltr'>reliquit3</span> <span class='ocrx_word' id='word_1_17' title='bbox 322 300 427 341; x_wconf 87' lang='lat' dir='ltr'>quos</span> <span class='ocrx_word' id='word_1_18' title='bbox 447 291 672 340; x_wconf 75' lang='lat' dir='ltr'><strong>tempestas</strong></span> <span class='ocrx_word' id='word_1_19' title='bbox 692 285 774 325; x_wconf 88' lang='lat' dir='ltr'>ista</span> <span class='ocrx_word' id='word_1_20' title='bbox 794 285 1057 339; x_wconf 84' lang='lat' dir='ltr'>captivitatis,</span> <span class='ocrx_word' id='word_1_21' title='bbox 1085 285 1135 325; x_wconf 87' lang='lat' dir='ltr'>de</span> <span class='ocrx_word' id='word_1_22' title='bbox 1158 298 1242 340; x_wconf 85' lang='lat' dir='ltr'>qua</span> <span class='ocrx_word' id='word_1_23' title='bbox 1261 299 1371 324; x_wconf 89' lang='lat' dir='ltr'>nunc</span> <span class='ocrx_word' id='word_1_24' title='bbox 1392 284 1589 337; x_wconf 80' lang='lat' dir='ltr'><strong>diximus,</strong></span> 
     </span>
     <span class='ocr_line' id='line_1_4' title="bbox 114 340 1589 396; baseline -0.001 -14"><span class='ocrx_word' id='word_1_25' title='bbox 114 340 472 396; x_wconf 76' lang='lat' dir='ltr'>conprehendens,</span> <span class='ocrx_word' id='word_1_26' title='bbox 519 355 662 381; x_wconf 88' lang='lat' dir='ltr'>omnes</span> <span class='ocrx_word' id='word_1_27' title='bbox 706 355 759 381; x_wconf 83' lang='lat' dir='ltr'>ex</span> <span class='ocrx_word' id='word_1_28' title='bbox 804 346 938 381; x_wconf 86' lang='lat' dir='ltr'>castro</span> <span class='ocrx_word' id='word_1_29' title='bbox 969 341 1005 380; x_wconf 85' lang='lat' dir='ltr'><strong>F</strong></span> <span class='ocrx_word' id='word_1_30' title='bbox 1009 340 1229 381; x_wconf 88' lang='lat' dir='ltr'>oroiulensi</span> <span class='ocrx_word' id='word_1_31' title='bbox 1273 341 1316 380; x_wconf 91' lang='lat' dir='ltr'>in</span> <span class='ocrx_word' id='word_1_32' title='bbox 1351 340 1589 381; x_wconf 83' lang='lat' dir='ltr'>Avarorum</span> 
     </span>
     <span class='ocr_line' id='line_1_5' title="bbox 110 395 1590 451; baseline 0 -15"><span class='ocrx_word' id='word_1_33' title='bbox 110 397 288 451; x_wconf 85' lang='lat' dir='ltr'>patriam</span> <span class='ocrx_word' id='word_1_34' title='bbox 334 396 523 438; x_wconf 80' lang='lat' dir='ltr'>exsolesa</span> <span class='ocrx_word' id='word_1_35' title='bbox 560 396 747 437; x_wconf 81' lang='lat' dir='ltr'>deduxit.</span> <span class='ocrx_word' id='word_1_36' title='bbox 808 396 890 447; x_wconf 79' lang='lat' dir='ltr'>Qui</span> <span class='ocrx_word' id='word_1_37' title='bbox 936 410 1030 436; x_wconf 88' lang='lat' dir='ltr'>eum</span> <span class='ocrx_word' id='word_1_38' title='bbox 1075 411 1150 450; x_wconf 88' lang='lat' dir='ltr'>per</span> <span class='ocrx_word' id='word_1_39' title='bbox 1184 395 1337 437; x_wconf 85' lang='lat' dir='ltr'>inultos</span> <span class='ocrx_word' id='word_1_40' title='bbox 1372 410 1502 437; x_wconf 88' lang='lat' dir='ltr'>annos</span> <span class='ocrx_word' id='word_1_41' title='bbox 1547 396 1590 436; x_wconf 92' lang='lat' dir='ltr'>in</span> 
     </span>
     <span class='ocr_line' id='line_1_6' title="bbox 110 451 1589 507; baseline -0.001 -14"><span class='ocrx_word' id='word_1_42' title='bbox 110 452 255 493; x_wconf 86' lang='lat' dir='ltr'>eadem</span> <span class='ocrx_word' id='word_1_43' title='bbox 283 455 453 507; x_wconf 82' lang='lat' dir='ltr'>regione</span> <span class='ocrx_word' id='word_1_44' title='bbox 486 452 739 507; x_wconf 84' lang='lat' dir='ltr'>captivitatis</span> <span class='ocrx_word' id='word_1_45' title='bbox 773 451 985 492; x_wconf 85' lang='lat' dir='ltr'>miseriam</span> <span class='ocrx_word' id='word_1_46' title='bbox 1020 452 1312 493; x_wconf 78' lang='lat' dir='ltr'>sustinuissent</span> <span class='ocrx_word' id='word_1_47' title='bbox 1343 459 1383 493; x_wconf 92' lang='lat' dir='ltr'>et</span> <span class='ocrx_word' id='word_1_48' title='bbox 1421 452 1505 492; x_wconf 88' lang='lat' dir='ltr'>iam</span> <span class='ocrx_word' id='word_1_49' title='bbox 1536 451 1589 492; x_wconf 85' lang='lat' dir='ltr'>ad</span> 
     </span>
     <span class='ocr_line' id='line_1_7' title="bbox 110 506 1590 562; baseline 0 -14"><span class='ocrx_word' id='word_1_50' title='bbox 110 506 273 549; x_wconf 83' lang='lat' dir='ltr'>virilem</span> <span class='ocrx_word' id='word_1_51' title='bbox 295 508 583 562; x_wconf 84' lang='lat' dir='ltr'>pervenissent</span> <span class='ocrx_word' id='word_1_52' title='bbox 603 514 794 559; x_wconf 84' lang='lat' dir='ltr'>aetatem,</span> <span class='ocrx_word' id='word_1_53' title='bbox 818 507 965 548; x_wconf 90' lang='lat' dir='ltr'>ceteris</span> <span class='ocrx_word' id='word_1_54' title='bbox 987 514 1195 561; x_wconf 87' lang='lat' dir='ltr'>quattuor,</span> <span class='ocrx_word' id='word_1_55' title='bbox 1219 522 1398 562; x_wconf 86' lang='lat' dir='ltr'>quorum</span> <span class='ocrx_word' id='word_1_56' title='bbox 1418 507 1590 548; x_wconf 85' lang='lat' dir='ltr'>nomina</span> 
     </span>
     <span class='ocr_line' id='line_1_8' title="bbox 110 563 1588 618; baseline 0.001 -15"><span class='ocrx_word' id='word_1_57' title='bbox 110 577 194 603; x_wconf 89' lang='lat' dir='ltr'>non</span> <span class='ocrx_word' id='word_1_58' title='bbox 225 564 466 615; x_wconf 78' lang='lat' dir='ltr'>retinemus,</span> <span class='ocrx_word' id='word_1_59' title='bbox 496 564 539 604; x_wconf 86' lang='lat' dir='ltr'>in</span> <span class='ocrx_word' id='word_1_60' title='bbox 568 563 820 617; x_wconf 82' lang='lat' dir='ltr'>captivitatis</span> <span class='ocrx_word' id='word_1_61' title='bbox 842 563 1035 616; x_wconf 84' lang='lat' dir='ltr'>angustia</span> <span class='ocrx_word' id='word_1_62' title='bbox 1055 563 1386 617; x_wconf 80' lang='lat' dir='ltr'>persistentibus,</span> <span class='ocrx_word' id='word_1_63' title='bbox 1419 563 1588 618; x_wconf 89' lang='lat' dir='ltr'>quintus</span> 
     </span>
     <span class='ocr_line' id='line_1_9' title="bbox 109 617 1589 674; baseline 0.001 -15"><span class='ocrx_word' id='word_1_64' title='bbox 109 633 252 659; x_wconf 87' lang='lat' dir='ltr'>eorum</span> <span class='ocrx_word' id='word_1_65' title='bbox 272 634 495 674; x_wconf 88' lang='lat' dir='ltr'>germanus</span> <span class='ocrx_word' id='word_1_66' title='bbox 524 619 690 659; x_wconf 87' lang='lat' dir='ltr'>nomine</span> <span class='ocrx_word' id='word_1_67' title='bbox 710 617 910 672; x_wconf 88' lang='lat' dir='ltr'>Lopichis</span> <span class='ocrx_word' id='word_1_68' title='bbox 920 618 951 669; x_wconf 71' lang='lat'>¹³,</span> <span class='ocrx_word' id='word_1_69' title='bbox 983 618 1054 672; x_wconf 86' lang='lat' dir='ltr'>qui</span> <span class='ocrx_word' id='word_1_70' title='bbox 1080 624 1221 659; x_wconf 88' lang='lat' dir='ltr'>noster</span> <span class='ocrx_word' id='word_1_71' title='bbox 1240 626 1385 673; x_wconf 88' lang='lat' dir='ltr'>postea</span> <span class='ocrx_word' id='word_1_72' title='bbox 1405 633 1589 673; x_wconf 76' lang='lat' dir='ltr'>proavus</span> 
     </span>
     <span class='ocr_line' id='line_1_10' title="bbox 111 672 1589 730; baseline 0.001 -16"><span class='ocrx_word' id='word_1_73' title='bbox 111 675 258 723; x_wconf 82' lang='lat' dir='ltr'>extitit,</span> <span class='ocrx_word' id='word_1_74' title='bbox 296 675 525 730; x_wconf 80' lang='lat' dir='ltr'>inspirante</span> <span class='ocrx_word' id='word_1_75' title='bbox 556 672 685 725; x_wconf 67' lang='lat' dir='ltr'>sibic,</span> <span class='ocrx_word' id='word_1_76' title='bbox 716 680 761 714; x_wconf 91' lang='lat' dir='ltr'>ut</span> <span class='ocrx_word' id='word_1_77' title='bbox 791 672 1011 724; x_wconf 87' lang='lat' dir='ltr'>credimus,</span> <span class='ocrx_word' id='word_1_78' title='bbox 1042 674 1352 714; x_wconf 82' lang='lat' dir='ltr'>misericordiae</span> <span class='ocrx_word' id='word_1_79' title='bbox 1382 676 1589 729; x_wconf 75' lang='lat' dir='ltr'>auctored,</span> 
     </span>
     <span class='ocr_line' id='line_1_11' title="bbox 111 728 1588 785; baseline 0.001 -15"><span class='ocrx_word' id='word_1_80' title='bbox 111 730 361 785; x_wconf 86' lang='lat' dir='ltr'>captivitatis</span> <span class='ocrx_word' id='word_1_81' title='bbox 390 730 535 785; x_wconf 79' lang='lat' dir='ltr'>iugum</span> <span class='ocrx_word' id='word_1_82' title='bbox 565 728 730 769; x_wconf 88' lang='lat' dir='ltr'>abicere</span> <span class='ocrx_word' id='word_1_83' title='bbox 770 729 914 769; x_wconf 80' lang='lat' dir='ltr'>statuit</span> <span class='ocrx_word' id='word_1_84' title='bbox 949 734 989 768; x_wconf 86' lang='lat' dir='ltr'>et</span> <span class='ocrx_word' id='word_1_85' title='bbox 1018 729 1071 769; x_wconf 88' lang='lat' dir='ltr'>ad</span> <span class='ocrx_word' id='word_1_86' title='bbox 1100 728 1276 781; x_wconf 77' lang='lat' dir='ltr'>ltaliam,</span> <span class='ocrx_word' id='word_1_87' title='bbox 1309 745 1390 784; x_wconf 88' lang='lat' dir='ltr'>quo</span> <span class='ocrx_word' id='word_1_88' title='bbox 1419 737 1588 783; x_wconf 78' lang='lat' dir='ltr'>gentem</span> 
     </span>
     <span class='ocr_line' id='line_1_12' title="bbox 110 784 1587 840; baseline 0.002 -16"><span class='ocrx_word' id='word_1_89' title='bbox 110 784 487 840; x_wconf 75' lang='lat' dir='ltr'>Langobardorum</span> <span class='ocrx_word' id='word_1_90' title='bbox 517 784 698 826; x_wconf 87' lang='lat' dir='ltr'>residere</span> <span class='ocrx_word' id='word_1_91' title='bbox 728 784 985 835; x_wconf 78' lang='lat' dir='ltr'>meminerat,</span> <span class='ocrx_word' id='word_1_92' title='bbox 1018 785 1186 825; x_wconf 88' lang='lat' dir='ltr'>tendere</span> <span class='ocrx_word' id='word_1_93' title='bbox 1207 791 1360 840; x_wconf 79' lang='lat' dir='ltr'>atquee</span> <span class='ocrx_word' id='word_1_94' title='bbox 1392 786 1445 826; x_wconf 83' lang='lat' dir='ltr'>ad</span> <span class='ocrx_word' id='word_1_95' title='bbox 1465 785 1587 827; x_wconf 88' lang='lat' dir='ltr'>liber-</span> 
     </span>
     <span class='ocr_line' id='line_1_13' title="bbox 108 839 1587 897; baseline 0.001 -16"><span class='ocrx_word' id='word_1_96' title='bbox 108 841 202 881; x_wconf 86' lang='lat' dir='ltr'>tatis</span> <span class='ocrx_word' id='word_1_97' title='bbox 246 841 337 880; x_wconf 86' lang='lat' dir='ltr'>iura</span> <span class='ocrx_word' id='word_1_98' title='bbox 381 840 540 881; x_wconf 88' lang='lat' dir='ltr'>studuit</span> <span class='ocrx_word' id='word_1_99' title='bbox 582 839 824 894; x_wconf 82' lang='lat' dir='ltr'>reppedare.</span> <span class='ocrx_word' id='word_1_100' title='bbox 884 839 967 890; x_wconf 78' lang='lat' dir='ltr'>Qui</span> <span class='ocrx_word' id='word_1_101' title='bbox 1008 854 1103 880; x_wconf 82' lang='grc'>011111</span> <span class='ocrx_word' id='word_1_102' title='bbox 1140 840 1388 893; x_wconf 81' lang='lat' dir='ltr'>adgressuss</span> <span class='ocrx_word' id='word_1_103' title='bbox 1443 841 1587 897; x_wconf 85' lang='lat' dir='ltr'>fugam</span> 
     </span>
     <span class='ocr_line' id='line_1_14' title="bbox 108 895 1587 951; baseline 0.002 -16"><span class='ocrx_word' id='word_1_104' title='bbox 108 895 370 950; x_wconf 84' lang='lat' dir='ltr'>adripuisset,</span> <span class='ocrx_word' id='word_1_105' title='bbox 410 896 605 937; x_wconf 87' lang='lat' dir='ltr'>faretram</span> <span class='ocrx_word' id='word_1_106' title='bbox 636 901 798 936; x_wconf 87' lang='lat' dir='ltr'>tantum</span> <span class='ocrx_word' id='word_1_107' title='bbox 837 902 878 935; x_wconf 89' lang='lat' dir='ltr'>et</span> <span class='ocrx_word' id='word_1_108' title='bbox 912 910 1057 935; x_wconf 88' lang='lat' dir='ltr'>arcum</span> <span class='ocrx_word' id='word_1_109' title='bbox 1093 903 1132 936; x_wconf 90' lang='lat' dir='ltr'>et</span> <span class='ocrx_word' id='word_1_110' title='bbox 1165 896 1471 951; x_wconf 82' lang='lat' dir='ltr'>aliquantulum</span> <span class='ocrx_word' id='word_1_111' title='bbox 1503 897 1587 938; x_wconf 90' lang='lat' dir='ltr'>cibi</span> 
     </span>
    </p>

    <p class='ocr_par' dir='ltr' id='par_1_3' title="bbox 93 951 1586 2063">
     <span class='ocr_line' id='line_1_15' title="bbox 137 951 1586 1007; baseline 0.003 -17"><span class='ocrx_word' id='word_1_112' title='bbox 137 958 279 1005; x_wconf 90' lang='lat' dir='ltr'>ropter</span> <span class='ocrx_word' id='word_1_113' title='bbox 306 952 505 992; x_wconf 79' lang='lat' dir='ltr'>viaticum</span> <span class='ocrx_word' id='word_1_114' title='bbox 535 966 696 1005; x_wconf 85' lang='lat' dir='ltr'>gerens,</span> <span class='ocrx_word' id='word_1_115' title='bbox 726 951 990 1006; x_wconf 80' lang='lat' dir='ltr'>nesciretque</span> <span class='ocrx_word' id='word_1_116' title='bbox 1012 952 1182 992; x_wconf 88' lang='lat' dir='ltr'>omnino</span> <span class='ocrx_word' id='word_1_117' title='bbox 1205 966 1286 1007; x_wconf 89' lang='lat' dir='ltr'>quo</span> <span class='ocrx_word' id='word_1_118' title='bbox 1311 960 1516 1007; x_wconf 82' lang='lat' dir='ltr'>pergeret,</span> <span class='ocrx_word' id='word_1_119' title='bbox 1548 955 1586 994; x_wconf 90' lang='lat' dir='ltr'>ei</span> 
     </span>
     <span class='ocr_line' id='line_1_16' title="bbox 104 966 1586 1061; baseline 0.003 -15"><span class='ocrx_word' id='word_1_120' title='bbox 104 966 229 1061; x_wconf 71' lang='lat' dir='ltr'>liipus</span> <span class='ocrx_word' id='word_1_121' title='bbox 264 1006 494 1048; x_wconf 74' lang='lat' dir='ltr'>adveniens</span> <span class='ocrx_word' id='word_1_122' title='bbox 525 1021 665 1047; x_wconf 86' lang='lat' dir='ltr'>coines</span> <span class='ocrx_word' id='word_1_123' title='bbox 687 1006 846 1047; x_wconf 88' lang='lat' dir='ltr'>itineris</span> <span class='ocrx_word' id='word_1_124' title='bbox 879 1013 920 1047; x_wconf 90' lang='lat' dir='ltr'>et</span> <span class='ocrx_word' id='word_1_125' title='bbox 955 1006 1105 1048; x_wconf 87' lang='lat' dir='ltr'>ductor</span> <span class='ocrx_word' id='word_1_126' title='bbox 1131 1007 1332 1048; x_wconf 73' lang='lat' dir='ltr'>effectusg</span> <span class='ocrx_word' id='word_1_127' title='bbox 1367 1015 1441 1052; x_wconf 87' lang='lat' dir='ltr'>est.</span> <span class='ocrx_word' id='word_1_128' title='bbox 1501 1010 1586 1061; x_wconf 78' lang='lat' dir='ltr'>Qui</span> 
     </span>
     <span class='ocr_line' id='line_1_17' title="bbox 104 1061 1586 1118; baseline 0.003 -16"><span class='ocrx_word' id='word_1_129' title='bbox 104 1076 199 1102; x_wconf 77' lang='lat' dir='ltr'>cuni</span> <span class='ocrx_word' id='word_1_130' title='bbox 238 1068 332 1103; x_wconf 87' lang='lat' dir='ltr'>ante</span> <span class='ocrx_word' id='word_1_131' title='bbox 371 1077 467 1103; x_wconf 88' lang='lat' dir='ltr'>eum</span> <span class='ocrx_word' id='word_1_132' title='bbox 496 1068 689 1117; x_wconf 82' lang='lat' dir='ltr'>pergeret</span> <span class='ocrx_word' id='word_1_133' title='bbox 727 1068 767 1103; x_wconf 89' lang='lat' dir='ltr'>et</span> <span class='ocrx_word' id='word_1_134' title='bbox 795 1061 1035 1118; x_wconf 86' lang='lat' dir='ltr'>frequenter</span> <span class='ocrx_word' id='word_1_135' title='bbox 1070 1070 1165 1118; x_wconf 92' lang='lat' dir='ltr'>post</span> <span class='ocrx_word' id='word_1_136' title='bbox 1203 1078 1246 1104; x_wconf 90' lang='lat' dir='ltr'>se</span> <span class='ocrx_word' id='word_1_137' title='bbox 1282 1064 1510 1118; x_wconf 90' lang='lat' dir='ltr'>respiceret</span> <span class='ocrx_word' id='word_1_138' title='bbox 1545 1072 1586 1107; x_wconf 87' lang='lat' dir='ltr'>et</span> 
     </span>
     <span class='ocr_line' id='line_1_18' title="bbox 104 1117 1583 1174; baseline 0.003 -18"><span class='ocrx_word' id='word_1_139' title='bbox 104 1131 200 1157; x_wconf 89' lang='lat' dir='ltr'>cum</span> <span class='ocrx_word' id='word_1_140' title='bbox 222 1123 357 1158; x_wconf 89' lang='lat' dir='ltr'>stante</span> <span class='ocrx_word' id='word_1_141' title='bbox 379 1117 621 1159; x_wconf 84' lang='lat' dir='ltr'>subsisteret</span> <span class='ocrx_word' id='word_1_142' title='bbox 641 1123 767 1173; x_wconf 88' lang='lat' dir='ltr'>atque</span> <span class='ocrx_word' id='word_1_143' title='bbox 790 1132 885 1158; x_wconf 88' lang='grc'>01111]</span> <span class='ocrx_word' id='word_1_144' title='bbox 906 1126 1106 1173; x_wconf 82' lang='lat' dir='ltr'>pergente</span> <span class='ocrx_word' id='word_1_145' title='bbox 1127 1120 1347 1173; x_wconf 72' lang='lat' dir='ltr'>praeireth,</span> <span class='ocrx_word' id='word_1_146' title='bbox 1367 1119 1583 1174; x_wconf 82' lang='lat' dir='ltr'>intellexit,</span> 
     </span>
     <span class='ocr_line' id='line_1_19' title="bbox 102 1171 1583 1229; baseline 0.003 -17"><span class='ocrx_word' id='word_1_147' title='bbox 102 1171 181 1212; x_wconf 90' lang='lat' dir='ltr'>sibi</span> <span class='ocrx_word' id='word_1_148' title='bbox 203 1188 299 1213; x_wconf 88' lang='lat' dir='ltr'>eum</span> <span class='ocrx_word' id='word_1_149' title='bbox 320 1173 519 1214; x_wconf 84' lang='lat' dir='ltr'>divinitus</span> <span class='ocrx_word' id='word_1_150' title='bbox 540 1173 685 1214; x_wconf 82' lang='lat' dir='ltr'>datum</span> <span class='ocrx_word' id='word_1_151' title='bbox 707 1188 810 1225; x_wconf 88' lang='lat' dir='ltr'>esse,</span> <span class='ocrx_word' id='word_1_152' title='bbox 833 1180 879 1214; x_wconf 88' lang='lat' dir='ltr'>ut</span> <span class='ocrx_word' id='word_1_153' title='bbox 900 1174 937 1215; x_wconf 90' lang='lat' dir='ltr'>ei</span> <span class='ocrx_word' id='word_1_154' title='bbox 956 1175 1045 1225; x_wconf 90' lang='lat' dir='ltr'>iter,</span> <span class='ocrx_word' id='word_1_155' title='bbox 1069 1175 1183 1229; x_wconf 89' lang='lat' dir='ltr'>quod</span> <span class='ocrx_word' id='word_1_156' title='bbox 1198 1175 1425 1228; x_wconf 84' lang='lat' dir='ltr'>nesciebat,</span> <span class='ocrx_word' id='word_1_157' title='bbox 1448 1183 1583 1217; x_wconf 88' lang='lat' dir='ltr'>osten-</span> 
     </span>
     <span class='ocr_line' id='line_1_20' title="bbox 102 1227 1584 1284; baseline 0.003 -16"><span class='ocrx_word' id='word_1_158' title='bbox 102 1227 231 1269; x_wconf 89' lang='lat' dir='ltr'>deret.</span> <span class='ocrx_word' id='word_1_159' title='bbox 277 1228 405 1269; x_wconf 63' lang='grc' dir='ltr'>(311111ί</span> <span class='ocrx_word' id='word_1_160' title='bbox 438 1244 512 1284; x_wconf 89' lang='lat' dir='ltr'>per</span> <span class='ocrx_word' id='word_1_161' title='bbox 541 1228 740 1284; x_wconf 75' lang='lat' dir='ltr'>aliquodk</span> <span class='ocrx_word' id='word_1_162' title='bbox 772 1229 859 1270; x_wconf 90' lang='lat' dir='ltr'>dies</span> <span class='ocrx_word' id='word_1_163' title='bbox 890 1245 965 1284; x_wconf 88' lang='lat' dir='ltr'>per</span> <span class='ocrx_word' id='word_1_164' title='bbox 994 1231 1198 1270; x_wconf 89' lang='lat' dir='ltr'>montium</span> <span class='ocrx_word' id='word_1_165' title='bbox 1230 1229 1473 1272; x_wconf 84' lang='lat' dir='ltr'>solitudines</span> <span class='ocrx_word' id='word_1_166' title='bbox 1503 1231 1584 1273; x_wconf 92' lang='lat' dir='ltr'>hoc</span> 
     </span>
     <span class='ocr_line' id='line_1_21' title="bbox 99 1283 1580 1341; baseline 0.004 -18"><span class='ocrx_word' id='word_1_167' title='bbox 99 1283 224 1323; x_wconf 87' lang='lat' dir='ltr'>modo</span> <span class='ocrx_word' id='word_1_168' title='bbox 240 1285 492 1338; x_wconf 67' lang='lat' dir='ltr'>pergerenffl,</span> <span class='ocrx_word' id='word_1_169' title='bbox 511 1285 631 1339; x_wconf 89' lang='lat' dir='ltr'>panis</span> <span class='ocrx_word' id='word_1_170' title='bbox 647 1283 782 1325; x_wconf 90' lang='lat' dir='ltr'>eidem</span> <span class='ocrx_word' id='word_1_171' title='bbox 798 1285 962 1337; x_wconf 81' lang='lat' dir='ltr'>viatori,</span> <span class='ocrx_word' id='word_1_172' title='bbox 980 1294 1138 1339; x_wconf 84' lang='lat' dir='ltr'>quemm</span> <span class='ocrx_word' id='word_1_173' title='bbox 1155 1286 1356 1341; x_wconf 78' lang='lat' dir='ltr'>exiguum</span> <span class='ocrx_word' id='word_1_174' title='bbox 1365 1287 1580 1340; x_wconf 89' lang='lat' dir='ltr'>habuerat,</span> 
     </span>
     <span class='ocr_line' id='line_1_22' title="bbox 102 1339 1580 1396; baseline 0.004 -18"><span class='ocrx_word' id='word_1_175' title='bbox 102 1340 270 1379; x_wconf 87' lang='lat' dir='ltr'>omnino</span> <span class='ocrx_word' id='word_1_176' title='bbox 300 1339 464 1382; x_wconf 88' lang='lat' dir='ltr'>defecit.</span> <span class='ocrx_word' id='word_1_177' title='bbox 525 1340 608 1390; x_wconf 78' lang='lat' dir='ltr'>Qui</span> <span class='ocrx_word' id='word_1_178' title='bbox 631 1355 727 1380; x_wconf 89' lang='lat' dir='ltr'>cum</span> <span class='ocrx_word' id='word_1_179' title='bbox 756 1341 947 1381; x_wconf 85' lang='lat' dir='ltr'>ieiunans</span> <span class='ocrx_word' id='word_1_180' title='bbox 972 1341 1050 1382; x_wconf 89' lang='lat' dir='ltr'>iter</span> <span class='ocrx_word' id='word_1_181' title='bbox 1071 1349 1261 1396; x_wconf 85' lang='lat' dir='ltr'>carperet</span> <span class='ocrx_word' id='word_1_182' title='bbox 1282 1349 1322 1383; x_wconf 88' lang='lat' dir='ltr'>et</span> <span class='ocrx_word' id='word_1_183' title='bbox 1341 1343 1425 1383; x_wconf 81' lang='lat' dir='ltr'>iani</span> <span class='ocrx_word' id='word_1_184' title='bbox 1441 1343 1580 1385; x_wconf 85' lang='lat' dir='ltr'>famen</span> 
     </span>
     <span class='ocr_line' id='line_1_23' title="bbox 101 1394 1579 1454; baseline 0.003 -19"><span class='ocrx_word' id='word_1_185' title='bbox 101 1394 332 1435; x_wconf 86' lang='lat' dir='ltr'>tabefactus</span> <span class='ocrx_word' id='word_1_186' title='bbox 353 1395 587 1447; x_wconf 86' lang='lat' dir='ltr'>defecisset,</span> <span class='ocrx_word' id='word_1_187' title='bbox 619 1395 793 1436; x_wconf 83' lang='lat' dir='ltr'>tetendit</span> <span class='ocrx_word' id='word_1_188' title='bbox 825 1410 967 1436; x_wconf 77' lang='lat' dir='ltr'>arcun]</span> <span class='ocrx_word' id='word_1_189' title='bbox 999 1412 1121 1437; x_wconf 89' lang='lat' dir='ltr'>suum</span> <span class='ocrx_word' id='word_1_190' title='bbox 1144 1403 1184 1438; x_wconf 89' lang='lat' dir='ltr'>et</span> <span class='ocrx_word' id='word_1_191' title='bbox 1211 1398 1389 1439; x_wconf 89' lang='lat' dir='ltr'>eundem</span> <span class='ocrx_word' id='word_1_192' title='bbox 1417 1398 1579 1454; x_wconf 89' lang='lat' dir='ltr'>lupum,</span> 
     </span>
     <span class='ocr_line' id='line_1_24' title="bbox 101 1449 1578 1507; baseline 0.005 -18"><span class='ocrx_word' id='word_1_193' title='bbox 101 1456 147 1490; x_wconf 90' lang='lat' dir='ltr'>ut</span> <span class='ocrx_word' id='word_1_194' title='bbox 182 1465 278 1491; x_wconf 91' lang='lat' dir='ltr'>eum</span> <span class='ocrx_word' id='word_1_195' title='bbox 312 1450 354 1490; x_wconf 89' lang='lat' dir='ltr'>in</span> <span class='ocrx_word' id='word_1_196' title='bbox 389 1449 531 1491; x_wconf 85' lang='lat' dir='ltr'>cibum</span> <span class='ocrx_word' id='word_1_197' title='bbox 562 1465 725 1492; x_wconf 87' lang='lat' dir='ltr'>sumere</span> <span class='ocrx_word' id='word_1_198' title='bbox 755 1452 888 1506; x_wconf 88' lang='lat' dir='ltr'>possit</span> <span class='ocrx_word' id='word_1_199' title='bbox 901 1459 929 1503; x_wconf 87' lang='lat'>0,</span> <span class='ocrx_word' id='word_1_200' title='bbox 962 1453 1113 1507; x_wconf 84' lang='lat' dir='ltr'>sagitta</span> <span class='ocrx_word' id='word_1_201' title='bbox 1142 1453 1405 1494; x_wconf 75' lang='lat' dir='ltr'>interficerep</span> <span class='ocrx_word' id='word_1_202' title='bbox 1432 1454 1578 1497; x_wconf 85' lang='lat' dir='ltr'>voluit.</span> 
     </span>
     <span class='ocr_line' id='line_1_25' title="bbox 101 1504 1578 1562; baseline 0.005 -17"><span class='ocrx_word' id='word_1_203' title='bbox 101 1504 185 1546; x_wconf 81' lang='lat' dir='ltr'>Sed</span> <span class='ocrx_word' id='word_1_204' title='bbox 224 1505 349 1561; x_wconf 89' lang='lat' dir='ltr'>lupus</span> <span class='ocrx_word' id='word_1_205' title='bbox 388 1506 496 1547; x_wconf 88' lang='lat' dir='ltr'>idem</span> <span class='ocrx_word' id='word_1_206' title='bbox 511 1515 529 1541; x_wconf 70' lang='grc' dir='ltr'>(Ι</span> <span class='ocrx_word' id='word_1_207' title='bbox 568 1507 699 1547; x_wconf 89' lang='lat' dir='ltr'>ictum</span> <span class='ocrx_word' id='word_1_208' title='bbox 736 1507 919 1547; x_wconf 85' lang='lat' dir='ltr'>ferientis</span> <span class='ocrx_word' id='word_1_209' title='bbox 960 1522 1236 1562; x_wconf 73' lang='lat' dir='ltr'>praecavens,</span> <span class='ocrx_word' id='word_1_210' title='bbox 1278 1510 1362 1550; x_wconf 68' lang='lat' dir='ltr'>sicr</span> <span class='ocrx_word' id='word_1_211' title='bbox 1399 1510 1451 1551; x_wconf 88' lang='lat' dir='ltr'>ab</span> <span class='ocrx_word' id='word_1_212' title='bbox 1488 1511 1578 1552; x_wconf 86' lang='lat' dir='ltr'>eius</span> 
     </span>
     <span class='ocr_line' id='line_1_26' title="bbox 99 1560 1575 1621; baseline 0.005 -20"><span class='ocrx_word' id='word_1_213' title='bbox 99 1561 258 1602; x_wconf 83' lang='lat' dir='ltr'>visione</span> <span class='ocrx_word' id='word_1_214' title='bbox 312 1560 479 1616; x_wconf 84' lang='lat' dir='ltr'>elapsus</span> <span class='ocrx_word' id='word_1_215' title='bbox 533 1569 606 1603; x_wconf 87' lang='lat' dir='ltr'>est.</span> <span class='ocrx_word' id='word_1_216' title='bbox 675 1563 772 1617; x_wconf 88' lang='lat' dir='ltr'>Ipse</span> <span class='ocrx_word' id='word_1_217' title='bbox 816 1570 976 1614; x_wconf 87' lang='lat' dir='ltr'>autem,</span> <span class='ocrx_word' id='word_1_218' title='bbox 1022 1564 1244 1606; x_wconf 85' lang='lat' dir='ltr'>recedente</span> <span class='ocrx_word' id='word_1_219' title='bbox 1279 1564 1427 1606; x_wconf 86' lang='lat' dir='ltr'>eodem</span> <span class='ocrx_word' id='word_1_220' title='bbox 1462 1566 1575 1621; x_wconf 89' lang='lat' dir='ltr'>lupo,</span> 
     </span>
     <span class='ocr_line' id='line_1_27' title="bbox 97 1617 1576 1674; baseline 0.005 -18"><span class='ocrx_word' id='word_1_221' title='bbox 97 1617 286 1657; x_wconf 87' lang='lat' dir='ltr'>nesciens</span> <span class='ocrx_word' id='word_1_222' title='bbox 315 1632 396 1671; x_wconf 85' lang='lat' dir='ltr'>quo</span> <span class='ocrx_word' id='word_1_223' title='bbox 424 1625 638 1672; x_wconf 87' lang='lat' dir='ltr'>pergeret,</span> <span class='ocrx_word' id='word_1_224' title='bbox 667 1618 839 1673; x_wconf 89' lang='lat' dir='ltr'>insuper</span> <span class='ocrx_word' id='word_1_225' title='bbox 867 1618 988 1659; x_wconf 89' lang='lat' dir='ltr'>famis</span> <span class='ocrx_word' id='word_1_226' title='bbox 1018 1621 1193 1674; x_wconf 88' lang='lat' dir='ltr'>penuria</span> <span class='ocrx_word' id='word_1_227' title='bbox 1222 1621 1398 1661; x_wconf 85' lang='lat' dir='ltr'>nimium</span> <span class='ocrx_word' id='word_1_228' title='bbox 1427 1621 1576 1664; x_wconf 90' lang='lat' dir='ltr'>debilis</span> 
     </span>
     <span class='ocr_line' id='line_1_28' title="bbox 97 1671 1576 1732; baseline 0.004 -20"><span class='ocrx_word' id='word_1_229' title='bbox 97 1671 282 1724; x_wconf 86' lang='lat' dir='ltr'>effeetus,</span> <span class='ocrx_word' id='word_1_230' title='bbox 314 1687 408 1713; x_wconf 88' lang='grc'>01111]</span> <span class='ocrx_word' id='word_1_231' title='bbox 445 1674 528 1713; x_wconf 88' lang='lat' dir='ltr'>iam</span> <span class='ocrx_word' id='word_1_232' title='bbox 571 1673 621 1714; x_wconf 92' lang='lat' dir='ltr'>de</span> <span class='ocrx_word' id='word_1_233' title='bbox 658 1674 744 1714; x_wconf 86' lang='lat' dir='ltr'>vita</span> <span class='ocrx_word' id='word_1_234' title='bbox 774 1673 1034 1729; x_wconf 86' lang='lat' dir='ltr'>desperaret,</span> <span class='ocrx_word' id='word_1_235' title='bbox 1075 1691 1164 1716; x_wconf 88' lang='lat' dir='ltr'>sese</span> <span class='ocrx_word' id='word_1_236' title='bbox 1195 1676 1236 1715; x_wconf 91' lang='lat' dir='ltr'>in</span> <span class='ocrx_word' id='word_1_237' title='bbox 1266 1683 1446 1717; x_wconf 86' lang='lat' dir='ltr'>terrams</span> <span class='ocrx_word' id='word_1_238' title='bbox 1481 1693 1576 1732; x_wconf 91' lang='lat' dir='ltr'>pro-</span> 
     </span>
     <span class='ocr_line' id='line_1_29' title="bbox 95 1727 1575 1784; baseline 0.005 -17"><span class='ocrx_word' id='word_1_239' title='bbox 95 1727 237 1779; x_wconf 89' lang='lat' dir='ltr'>iciens,</span> <span class='ocrx_word' id='word_1_240' title='bbox 269 1727 539 1781; x_wconf 78' lang='lat' dir='ltr'>obdormivit3</span> <span class='ocrx_word' id='word_1_241' title='bbox 569 1728 758 1783; x_wconf 78' lang='lat' dir='ltr'>viditque</span> <span class='ocrx_word' id='word_1_242' title='bbox 789 1730 999 1784; x_wconf 86' lang='lat' dir='ltr'>quendam</span> <span class='ocrx_word' id='word_1_243' title='bbox 1028 1731 1166 1771; x_wconf 79' lang='lat' dir='ltr'>virum</span> <span class='ocrx_word' id='word_1_244' title='bbox 1195 1732 1238 1771; x_wconf 87' lang='lat' dir='ltr'>in</span> <span class='ocrx_word' id='word_1_245' title='bbox 1267 1733 1423 1773; x_wconf 88' lang='lat' dir='ltr'>somnis</span> <span class='ocrx_word' id='word_1_246' title='bbox 1452 1735 1575 1774; x_wconf 77' lang='lat' dir='ltr'>talia‘</span> 
     </span>
     <span class='ocr_line' id='line_1_30' title="bbox 96 1783 1575 1843; baseline 0.005 -20"><span class='ocrx_word' id='word_1_247' title='bbox 96 1783 175 1824; x_wconf 89' lang='lat' dir='ltr'>sibi</span> <span class='ocrx_word' id='word_1_248' title='bbox 195 1783 326 1824; x_wconf 89' lang='lat' dir='ltr'>verba</span> <span class='ocrx_word' id='word_1_249' title='bbox 346 1783 573 1825; x_wconf 87' lang='lat' dir='ltr'>dicentem:</span> <span class='ocrx_word' id='word_1_250' title='bbox 616 1784 785 1839; x_wconf 70' lang='lat' dir='ltr'>‘Surgel</span> <span class='ocrx_word' id='word_1_251' title='bbox 819 1786 933 1836; x_wconf 71' lang='lat' dir='ltr'>Quid</span> <span class='ocrx_word' id='word_1_252' title='bbox 947 1794 964 1811; x_wconf 85' lang='lat'>¹¹</span> <span class='ocrx_word' id='word_1_253' title='bbox 996 1786 1181 1827; x_wconf 77' lang='lat' dir='ltr'>dormis?</span> <span class='ocrx_word' id='word_1_254' title='bbox 1210 1787 1363 1843; x_wconf 81' lang='lat' dir='ltr'>Arripe</span> <span class='ocrx_word' id='word_1_255' title='bbox 1390 1789 1501 1830; x_wconf 74' lang='lat' dir='ltr'>viam</span> <span class='ocrx_word' id='word_1_256' title='bbox 1532 1791 1575 1830; x_wconf 91' lang='lat' dir='ltr'>in</span> 
     </span>
     <span class='ocr_line' id='line_1_31' title="bbox 95 1837 1574 1896; baseline 0.005 -18"><span class='ocrx_word' id='word_1_257' title='bbox 95 1837 224 1879; x_wconf 86' lang='lat' dir='ltr'>hach</span> <span class='ocrx_word' id='word_1_258' title='bbox 255 1842 442 1894; x_wconf 80' lang='lat' dir='ltr'>*partem</span> <span class='ocrx_word' id='word_1_259' title='bbox 472 1847 618 1882; x_wconf 87' lang='lat' dir='ltr'>contra</span> <span class='ocrx_word' id='word_1_260' title='bbox 648 1849 801 1895; x_wconf 83' lang='lat' dir='ltr'>quamW</span> <span class='ocrx_word' id='word_1_261' title='bbox 832 1841 958 1896; x_wconf 90' lang='lat' dir='ltr'>pedes</span> <span class='ocrx_word' id='word_1_262' title='bbox 989 1848 1123 1895; x_wconf 81' lang='lat' dir='ltr'>tenes3</span> <span class='ocrx_word' id='word_1_263' title='bbox 1168 1842 1291 1884; x_wconf 68' lang='lat' dir='ltr'>illac-¹K</span> <span class='ocrx_word' id='word_1_264' title='bbox 1323 1845 1476 1885; x_wconf 89' lang='lat' dir='ltr'>etenim</span> <span class='ocrx_word' id='word_1_265' title='bbox 1512 1851 1574 1887; x_wconf 88' lang='lat' dir='ltr'>est</span> 
     </span>
     <span class='ocr_line' id='line_1_32' title="bbox 93 1893 1572 1956; baseline 0.005 -22"><span class='ocrx_word' id='word_1_266' title='bbox 93 1893 225 1947; x_wconf 87' lang='lat' dir='ltr'>Italia,</span> <span class='ocrx_word' id='word_1_267' title='bbox 257 1894 310 1935; x_wconf 82' lang='lat' dir='ltr'>ad</span> <span class='ocrx_word' id='word_1_268' title='bbox 331 1910 457 1950; x_wconf 85' lang='lat' dir='ltr'>quam</span> <span class='ocrx_word' id='word_1_269' title='bbox 477 1895 639 1937; x_wconf 88' lang='lat' dir='ltr'>tendis&#39;.</span> <span class='ocrx_word' id='word_1_270' title='bbox 699 1896 783 1948; x_wconf 76' lang='lat' dir='ltr'>Qui</span> <span class='ocrx_word' id='word_1_271' title='bbox 804 1897 944 1937; x_wconf 84' lang='lat' dir='ltr'>statim</span> <span class='ocrx_word' id='word_1_272' title='bbox 966 1912 1150 1953; x_wconf 82' lang='lat' dir='ltr'>surgens,</span> <span class='ocrx_word' id='word_1_273' title='bbox 1181 1899 1224 1938; x_wconf 86' lang='lat' dir='ltr'>in</span> <span class='ocrx_word' id='word_1_274' title='bbox 1243 1898 1355 1940; x_wconf 84' lang='lat' dir='ltr'>illam</span> <span class='ocrx_word' id='word_1_275' title='bbox 1376 1908 1539 1956; x_wconf 88' lang='lat' dir='ltr'>partem</span> <span class='ocrx_word' id='word_1_276' title='bbox 1552 1910 1572 1937; x_wconf 78' lang='lat' dir='ltr'>Y</span> 
     </span>
     <span class='ocr_line' id='line_1_33' title="bbox 96 1950 1571 2008; baseline 0.006 -19"><span class='ocrx_word' id='word_1_277' title='bbox 96 1964 221 2005; x_wconf 88' lang='lat' dir='ltr'>quam</span> <span class='ocrx_word' id='word_1_278' title='bbox 251 1950 295 1990; x_wconf 90' lang='lat' dir='ltr'>in</span> <span class='ocrx_word' id='word_1_279' title='bbox 325 1952 482 1992; x_wconf 87' lang='lat' dir='ltr'>somnis</span> <span class='ocrx_word' id='word_1_280' title='bbox 503 1951 695 1992; x_wconf 88' lang='lat' dir='ltr'>audierat</span> <span class='ocrx_word' id='word_1_281' title='bbox 715 1967 890 2008; x_wconf 89' lang='lat' dir='ltr'>pergere</span> <span class='ocrx_word' id='word_1_282' title='bbox 912 1955 1071 2008; x_wconf 70' lang='lat' dir='ltr'>coepit,</span> <span class='ocrx_word' id='word_1_283' title='bbox 1103 1969 1179 1995; x_wconf 90' lang='lat' dir='ltr'>nec</span> <span class='ocrx_word' id='word_1_284' title='bbox 1210 1970 1340 2008; x_wconf 90' lang='lat' dir='ltr'>mora,</span> <span class='ocrx_word' id='word_1_285' title='bbox 1371 1956 1424 1996; x_wconf 86' lang='lat' dir='ltr'>ad</span> <span class='ocrx_word' id='word_1_286' title='bbox 1454 1956 1571 1998; x_wconf 86' lang='lat' dir='ltr'>habi-</span> 
     </span>
     <span class='ocr_line' id='line_1_34' title="bbox 94 2005 1570 2063; baseline 0.005 -18"><span class='ocrx_word' id='word_1_287' title='bbox 94 2005 282 2046; x_wconf 85' lang='lat' dir='ltr'>taculum</span> <span class='ocrx_word' id='word_1_288' title='bbox 311 2005 529 2047; x_wconf 88' lang='lat' dir='ltr'>hominum</span> <span class='ocrx_word' id='word_1_289' title='bbox 559 2009 760 2063; x_wconf 87' lang='lat' dir='ltr'>pervenit.</span> <span class='ocrx_word' id='word_1_290' title='bbox 818 2008 922 2049; x_wconf 85' lang='lat' dir='ltr'>Erat</span> <span class='ocrx_word' id='word_1_291' title='bbox 952 2009 1061 2050; x_wconf 87' lang='lat' dir='ltr'>enim</span> <span class='ocrx_word' id='word_1_292' title='bbox 1093 2009 1339 2051; x_wconf 78' lang='lat' dir='ltr'>Selavorum</span> <span class='ocrx_word' id='word_1_293' title='bbox 1369 2011 1570 2054; x_wconf 84' lang='lat' dir='ltr'>habitatio</span> 
     </span>
    </p>
   </div>
   <div class='ocr_carea' id='block_1_3' title="bbox 84 2126 1570 2790">
    <p class='ocr_par' dir='ltr' id='par_1_4' title="bbox 84 2126 1570 2790">
     <span class='ocr_line' id='line_1_35' title="bbox 93 2126 1569 2165; baseline 0.007 -14"><span class='ocrx_word' id='word_1_294' title='bbox 93 2126 123 2159; x_wconf 82' lang='lat' dir='ltr'>a)</span> <span class='ocrx_word' id='word_1_295' title='bbox 145 2127 185 2151; x_wconf 76' lang='lat' dir='ltr'>ica</span> <span class='ocrx_word' id='word_1_296' title='bbox 207 2127 231 2151; x_wconf 84' lang='lat' dir='ltr'><strong>A</strong></span> <span class='ocrx_word' id='word_1_297' title='bbox 256 2130 280 2153; x_wconf 91' lang='lat'>1.</span> <span class='ocrx_word' id='word_1_298' title='bbox 303 2129 325 2152; x_wconf 82' lang='lat' dir='ltr'>F</span> <span class='ocrx_word' id='word_1_299' title='bbox 350 2130 374 2154; x_wconf 94' lang='lat'>1.</span> <span class='ocrx_word' id='word_1_300' title='bbox 400 2130 426 2154; x_wconf 77' lang='lat' dir='ltr'>G</span> <span class='ocrx_word' id='word_1_301' title='bbox 450 2131 474 2154; x_wconf 90' lang='lat'>1.</span> <span class='ocrx_word' id='word_1_302' title='bbox 501 2131 534 2161; x_wconf 79' lang='lat'>23</span> <span class='ocrx_word' id='word_1_303' title='bbox 568 2131 672 2156; x_wconf 84' lang='lat' dir='ltr'>exoles</span> <span class='ocrx_word' id='word_1_304' title='bbox 695 2131 720 2155; x_wconf 86' lang='lat' dir='ltr'><strong>A</strong></span> <span class='ocrx_word' id='word_1_305' title='bbox 744 2132 769 2156; x_wconf 81' lang='lat'>2.</span> <span class='ocrx_word' id='word_1_306' title='bbox 791 2131 815 2155; x_wconf 86' lang='lat' dir='ltr'>E</span> <span class='ocrx_word' id='word_1_307' title='bbox 840 2133 872 2161; x_wconf 76' lang='lat'>13</span> <span class='ocrx_word' id='word_1_308' title='bbox 905 2133 1006 2157; x_wconf 82' lang='lat' dir='ltr'>exsole</span> <span class='ocrx_word' id='word_1_309' title='bbox 1029 2132 1055 2157; x_wconf 83' lang='lat' dir='ltr'><strong>A</strong></span> <span class='ocrx_word' id='word_1_310' title='bbox 1078 2132 1115 2157; x_wconf 81' lang='grc'>’2,</span> <span class='ocrx_word' id='word_1_311' title='bbox 1216 2133 1246 2165; x_wconf 89' lang='lat' dir='ltr'>b)</span> <span class='ocrx_word' id='word_1_312' title='bbox 1270 2135 1308 2158; x_wconf 73' lang='lat' dir='ltr'>ila</span> <span class='ocrx_word' id='word_1_313' title='bbox 1331 2134 1356 2159; x_wconf 80' lang='lat' dir='ltr'><strong>A</strong></span> <span class='ocrx_word' id='word_1_314' title='bbox 1380 2136 1404 2160; x_wconf 90' lang='lat'>1.</span> <span class='ocrx_word' id='word_1_315' title='bbox 1430 2133 1468 2161; x_wconf 81' lang='lat'>¹2.</span> <span class='ocrx_word' id='word_1_316' title='bbox 1493 2137 1518 2160; x_wconf 88' lang='grc'>2.</span> <span class='ocrx_word' id='word_1_317' title='bbox 1543 2136 1569 2161; x_wconf 84' lang='grc'>3.</span> 
     </span>
     <span class='ocr_line' id='line_1_36' title="bbox 92 2166 1568 2206; baseline 0.006 -16"><span class='ocrx_word' id='word_1_318' title='bbox 92 2166 120 2190; x_wconf 83' lang='grc'>4.</span> <span class='ocrx_word' id='word_1_319' title='bbox 145 2166 171 2191; x_wconf 89' lang='grc'>6.</span> <span class='ocrx_word' id='word_1_320' title='bbox 194 2167 216 2190; x_wconf 84' lang='lat' dir='ltr'>F</span> <span class='ocrx_word' id='word_1_321' title='bbox 242 2168 272 2198; x_wconf 80' lang='lat'>13</span> <span class='ocrx_word' id='word_1_322' title='bbox 302 2167 451 2199; x_wconf 85' lang='lat' dir='ltr'>Leopehis</span> <span class='ocrx_word' id='word_1_323' title='bbox 473 2168 498 2192; x_wconf 90' lang='lat' dir='ltr'><strong>A</strong></span> <span class='ocrx_word' id='word_1_324' title='bbox 521 2168 560 2194; x_wconf 82' lang='grc'>’3.</span> <span class='ocrx_word' id='word_1_325' title='bbox 585 2170 619 2200; x_wconf 83' lang='lat'>5;</span> <span class='ocrx_word' id='word_1_326' title='bbox 653 2170 796 2201; x_wconf 81' lang='lat' dir='ltr'>Lupichis</span> <span class='ocrx_word' id='word_1_327' title='bbox 831 2170 855 2195; x_wconf 71' lang='lat' dir='ltr'><strong>G</strong></span> <span class='ocrx_word' id='word_1_328' title='bbox 880 2172 962 2195; x_wconf 79' lang='lat'>1—4.</span> <span class='ocrx_word' id='word_1_329' title='bbox 996 2173 1023 2196; x_wconf 92' lang='lat' dir='ltr'>H</span> <span class='ocrx_word' id='word_1_330' title='bbox 1047 2174 1071 2198; x_wconf 90' lang='grc'>1.</span> <span class='ocrx_word' id='word_1_331' title='bbox 1104 2173 1119 2197; x_wconf 93' lang='grc' dir='ltr'>Ι</span> <span class='ocrx_word' id='word_1_332' title='bbox 1142 2173 1167 2203; x_wconf 84' lang='grc'>1,</span> <span class='ocrx_word' id='word_1_333' title='bbox 1201 2180 1214 2197; x_wconf 82' lang='lat' dir='ltr'>e</span> <span class='ocrx_word' id='word_1_334' title='bbox 1235 2181 1310 2199; x_wconf 74' lang='lat' dir='ltr'>corr.</span> <span class='ocrx_word' id='word_1_335' title='bbox 1333 2174 1355 2198; x_wconf 73' lang='lat' dir='ltr'>F</span> <span class='ocrx_word' id='word_1_336' title='bbox 1380 2176 1412 2205; x_wconf 73' lang='lat' dir='ltr'>l?</span> <span class='ocrx_word' id='word_1_337' title='bbox 1443 2174 1568 2206; x_wconf 61' lang='lat' dir='ltr'>Lupa-is</span> 
     </span>
     <span class='ocr_line' id='line_1_37' title="bbox 95 2202 1569 2245; baseline 0.006 -16"><span class='ocrx_word' id='word_1_338' title='bbox 95 2204 116 2229; x_wconf 85' lang='lat' dir='ltr'>C</span> <span class='ocrx_word' id='word_1_339' title='bbox 140 2202 178 2230; x_wconf 77' lang='lat'>⁸1.</span> <span class='ocrx_word' id='word_1_340' title='bbox 205 2206 228 2229; x_wconf 92' lang='lat'>1.</span> <span class='ocrx_word' id='word_1_341' title='bbox 260 2207 284 2230; x_wconf 81' lang='lat' dir='ltr'>E</span> <span class='ocrx_word' id='word_1_342' title='bbox 310 2207 333 2237; x_wconf 81' lang='lat'>1,</span> <span class='ocrx_word' id='word_1_343' title='bbox 366 2214 439 2231; x_wconf 80' lang='lat' dir='ltr'>corr.</span> <span class='ocrx_word' id='word_1_344' title='bbox 472 2208 597 2239; x_wconf 81' lang='lat' dir='ltr'>Lupigis</span> <span class='ocrx_word' id='word_1_345' title='bbox 621 2209 646 2232; x_wconf 88' lang='lat' dir='ltr'>D</span> <span class='ocrx_word' id='word_1_346' title='bbox 672 2210 697 2241; x_wconf 88' lang='lat'>1,</span> <span class='ocrx_word' id='word_1_347' title='bbox 729 2212 751 2233; x_wconf 80' lang='lat' dir='ltr'>et</span> <span class='ocrx_word' id='word_1_348' title='bbox 775 2210 813 2233; x_wconf 70' lang='lat' dir='ltr'>ita</span> <span class='ocrx_word' id='word_1_349' title='bbox 835 2210 916 2233; x_wconf 73' lang='lat' dir='ltr'>celeri</span> <span class='ocrx_word' id='word_1_350' title='bbox 947 2210 990 2241; x_wconf 73' lang='lat' dir='ltr'>D3</span> <span class='ocrx_word' id='word_1_351' title='bbox 1022 2211 1172 2242; x_wconf 78' lang='lat' dir='ltr'>Lupechis</span> <span class='ocrx_word' id='word_1_352' title='bbox 1194 2212 1217 2236; x_wconf 92' lang='lat' dir='ltr'>L</span> <span class='ocrx_word' id='word_1_353' title='bbox 1242 2214 1271 2242; x_wconf 73' lang='lat'>13</span> <span class='ocrx_word' id='word_1_354' title='bbox 1304 2213 1465 2245; x_wconf 78' lang='lat' dir='ltr'>Lcupichis</span> <span class='ocrx_word' id='word_1_355' title='bbox 1487 2214 1511 2238; x_wconf 86' lang='lat' dir='ltr'>B</span> <span class='ocrx_word' id='word_1_356' title='bbox 1537 2216 1569 2245; x_wconf 79' lang='lat'>13</span> 
     </span>
     <span class='ocr_line' id='line_1_38' title="bbox 93 2243 1566 2284; baseline 0.007 -18"><span class='ocrx_word' id='word_1_357' title='bbox 93 2243 238 2274; x_wconf 78' lang='lat' dir='ltr'>Leupigis</span> <span class='ocrx_word' id='word_1_358' title='bbox 259 2245 283 2268; x_wconf 85' lang='lat' dir='ltr'>B</span> <span class='ocrx_word' id='word_1_359' title='bbox 309 2246 354 2269; x_wconf 80' lang='lat' dir='ltr'>la.</span> <span class='ocrx_word' id='word_1_360' title='bbox 379 2246 411 2276; x_wconf 69' lang='lat'>23</span> <span class='ocrx_word' id='word_1_361' title='bbox 442 2246 575 2277; x_wconf 85' lang='lat' dir='ltr'>Leuphis</span> <span class='ocrx_word' id='word_1_362' title='bbox 598 2248 619 2271; x_wconf 68' lang='lat'>1³</span> <span class='ocrx_word' id='word_1_363' title='bbox 645 2249 678 2277; x_wconf 79' lang='grc'>2;</span> <span class='ocrx_word' id='word_1_364' title='bbox 709 2248 880 2279; x_wconf 74' lang='lat' dir='ltr'>Leuphehis</span> <span class='ocrx_word' id='word_1_365' title='bbox 904 2249 929 2274; x_wconf 84' lang='lat' dir='ltr'>G</span> <span class='ocrx_word' id='word_1_366' title='bbox 951 2250 1004 2279; x_wconf 69' lang='grc' dir='ltr'>ᾔεις</span> <span class='ocrx_word' id='word_1_367' title='bbox 1036 2250 1209 2279; x_wconf 63' lang='lat' dir='ltr'>Liafbergis</span> <span class='ocrx_word' id='word_1_368' title='bbox 1233 2250 1258 2276; x_wconf 80' lang='lat' dir='ltr'><strong>G</strong></span> <span class='ocrx_word' id='word_1_369' title='bbox 1281 2252 1324 2277; x_wconf 75' lang='grc'>50.</span> <span class='ocrx_word' id='word_1_370' title='bbox 1425 2255 1451 2281; x_wconf 84' lang='grc'>0)</span> <span class='ocrx_word' id='word_1_371' title='bbox 1476 2253 1566 2284; x_wconf 72' lang='lat' dir='ltr'>inspi-</span> 
     </span>
     <span class='ocr_line' id='line_1_39' title="bbox 94 2283 1570 2323; baseline 0.007 -17"><span class='ocrx_word' id='word_1_372' title='bbox 94 2285 194 2306; x_wconf 85' lang='lat' dir='ltr'>rantes</span> <span class='ocrx_word' id='word_1_373' title='bbox 216 2283 238 2306; x_wconf 66' lang='lat'>1⁴¹</span> <span class='ocrx_word' id='word_1_374' title='bbox 263 2284 287 2306; x_wconf 91' lang='lat' dir='ltr'>l.</span> <span class='ocrx_word' id='word_1_375' title='bbox 388 2283 417 2313; x_wconf 79' lang='grc' dir='ltr'>(ἱ)</span> <span class='ocrx_word' id='word_1_376' title='bbox 438 2288 590 2311; x_wconf 79' lang='lat' dir='ltr'>auctorem</span> <span class='ocrx_word' id='word_1_377' title='bbox 620 2286 642 2310; x_wconf 77' lang='lat' dir='ltr'>F</span> <span class='ocrx_word' id='word_1_378' title='bbox 668 2287 692 2310; x_wconf 89' lang='lat'>1.</span> <span class='ocrx_word' id='word_1_379' title='bbox 717 2286 740 2309; x_wconf 75' lang='lat' dir='ltr'><strong>G</strong></span> <span class='ocrx_word' id='word_1_380' title='bbox 767 2289 790 2312; x_wconf 87' lang='lat'>1.</span> <span class='ocrx_word' id='word_1_381' title='bbox 815 2288 841 2312; x_wconf 86' lang='lat'>3.</span> <span class='ocrx_word' id='word_1_382' title='bbox 943 2288 970 2315; x_wconf 82' lang='grc'>0)</span> <span class='ocrx_word' id='word_1_383' title='bbox 994 2289 1091 2319; x_wconf 82' lang='lat' dir='ltr'>adque</span> <span class='ocrx_word' id='word_1_384' title='bbox 1113 2289 1137 2313; x_wconf 84' lang='lat' dir='ltr'><strong>A</strong></span> <span class='ocrx_word' id='word_1_385' title='bbox 1162 2290 1186 2313; x_wconf 92' lang='grc'>1.</span> <span class='ocrx_word' id='word_1_386' title='bbox 1210 2290 1233 2314; x_wconf 73' lang='lat' dir='ltr'><strong>G</strong></span> <span class='ocrx_word' id='word_1_387' title='bbox 1258 2290 1284 2316; x_wconf 86' lang='lat'>3.</span> <span class='ocrx_word' id='word_1_388' title='bbox 1385 2290 1407 2323; x_wconf 79' lang='lat' dir='ltr'>f)</span> <span class='ocrx_word' id='word_1_389' title='bbox 1430 2292 1486 2316; x_wconf 87' lang='lat' dir='ltr'>iter</span> <span class='ocrx_word' id='word_1_390' title='bbox 1503 2296 1570 2323; x_wconf 74' lang='lat' dir='ltr'>post</span> 
     </span>
     <span class='ocr_line' id='line_1_40' title="bbox 93 2321 1567 2362; baseline 0.007 -17"><span class='ocrx_word' id='word_1_391' title='bbox 93 2321 158 2346; x_wconf 79' lang='lat' dir='ltr'>add.</span> <span class='ocrx_word' id='word_1_392' title='bbox 182 2321 208 2345; x_wconf 92' lang='lat' dir='ltr'>D</span> <span class='ocrx_word' id='word_1_393' title='bbox 234 2322 258 2351; x_wconf 72' lang='grc'>1,</span> <span class='ocrx_word' id='word_1_394' title='bbox 281 2325 303 2345; x_wconf 73' lang='lat' dir='ltr'>e!</span> <span class='ocrx_word' id='word_1_395' title='bbox 327 2322 364 2346; x_wconf 79' lang='lat' dir='ltr'>ica</span> <span class='ocrx_word' id='word_1_396' title='bbox 387 2323 439 2346; x_wconf 75' lang='lat' dir='ltr'>alii</span> <span class='ocrx_word' id='word_1_397' title='bbox 459 2324 496 2348; x_wconf 89' lang='lat' dir='ltr'>D.</span> <span class='ocrx_word' id='word_1_398' title='bbox 587 2324 616 2356; x_wconf 84' lang='lat' dir='ltr'>g)</span> <span class='ocrx_word' id='word_1_399' title='bbox 640 2324 736 2349; x_wconf 78' lang='lat' dir='ltr'>factus</span> <span class='ocrx_word' id='word_1_400' title='bbox 760 2326 781 2351; x_wconf 72' lang='lat' dir='ltr'>(J</span> <span class='ocrx_word' id='word_1_401' title='bbox 806 2327 830 2351; x_wconf 93' lang='grc'>1.</span> <span class='ocrx_word' id='word_1_402' title='bbox 856 2326 868 2350; x_wconf 87' lang='lat'>1</span> <span class='ocrx_word' id='word_1_403' title='bbox 893 2328 923 2356; x_wconf 77' lang='lat'>13</span> <span class='ocrx_word' id='word_1_404' title='bbox 946 2328 1017 2351; x_wconf 68' lang='lat' dir='ltr'>deest</span> <span class='ocrx_word' id='word_1_405' title='bbox 1040 2327 1061 2352; x_wconf 86' lang='lat' dir='ltr'>C</span> <span class='ocrx_word' id='word_1_406' title='bbox 1084 2325 1124 2353; x_wconf 77' lang='lat'>⁶1.</span> <span class='ocrx_word' id='word_1_407' title='bbox 1214 2328 1244 2357; x_wconf 86' lang='lat' dir='ltr'>h)</span> <span class='ocrx_word' id='word_1_408' title='bbox 1269 2330 1379 2360; x_wconf 85' lang='lat' dir='ltr'>periret</span> <span class='ocrx_word' id='word_1_409' title='bbox 1400 2331 1424 2354; x_wconf 88' lang='lat' dir='ltr'><strong>B</strong></span> <span class='ocrx_word' id='word_1_410' title='bbox 1449 2332 1480 2361; x_wconf 77' lang='lat'>13</span> <span class='ocrx_word' id='word_1_411' title='bbox 1502 2339 1567 2362; x_wconf 83' lang='lat' dir='ltr'>per-</span> 
     </span>
     <span class='ocr_line' id='line_1_41' title="bbox 94 2361 1564 2397; baseline 0.007 -13"><span class='ocrx_word' id='word_1_412' title='bbox 94 2363 177 2390; x_wconf 78' lang='lat' dir='ltr'>geret</span> <span class='ocrx_word' id='word_1_413' title='bbox 199 2361 222 2384; x_wconf 80' lang='lat'>13</span> <span class='ocrx_word' id='word_1_414' title='bbox 248 2361 293 2386; x_wconf 84' lang='lat' dir='ltr'>la.</span> <span class='ocrx_word' id='word_1_415' title='bbox 319 2361 344 2386; x_wconf 76' lang='lat'>2.</span> <span class='ocrx_word' id='word_1_416' title='bbox 366 2362 389 2385; x_wconf 67' lang='lat'>1³</span> <span class='ocrx_word' id='word_1_417' title='bbox 411 2363 436 2387; x_wconf 85' lang='lat'>4.</span> <span class='ocrx_word' id='word_1_418' title='bbox 461 2362 486 2387; x_wconf 77' lang='lat' dir='ltr'><strong>G</strong></span> <span class='ocrx_word' id='word_1_419' title='bbox 509 2363 534 2387; x_wconf 82' lang='lat'>3.</span> <span class='ocrx_word' id='word_1_420' title='bbox 626 2362 648 2394; x_wconf 89' lang='lat' dir='ltr'>i)</span> <span class='ocrx_word' id='word_1_421' title='bbox 673 2364 745 2388; x_wconf 82' lang='grc'>(”11111</span> <span class='ocrx_word' id='word_1_422' title='bbox 769 2372 843 2390; x_wconf 65' lang='grc' dir='ltr'>σοι-ν.</span> <span class='ocrx_word' id='word_1_423' title='bbox 866 2366 1001 2396; x_wconf 77' lang='lat' dir='ltr'>Cumque</span> <span class='ocrx_word' id='word_1_424' title='bbox 1025 2366 1051 2391; x_wconf 79' lang='lat' dir='ltr'><strong>G</strong></span> <span class='ocrx_word' id='word_1_425' title='bbox 1074 2367 1124 2397; x_wconf 66' lang='grc' dir='ltr'>δας</span> <span class='ocrx_word' id='word_1_426' title='bbox 1157 2366 1292 2397; x_wconf 77' lang='lat' dir='ltr'>Cumque</span> <span class='ocrx_word' id='word_1_427' title='bbox 1315 2369 1349 2392; x_wconf 82' lang='lat' dir='ltr'>B.</span> <span class='ocrx_word' id='word_1_428' title='bbox 1373 2369 1406 2393; x_wconf 75' lang='lat'>(¹.</span> <span class='ocrx_word' id='word_1_429' title='bbox 1430 2370 1469 2393; x_wconf 90' lang='lat' dir='ltr'>D.</span> <span class='ocrx_word' id='word_1_430' title='bbox 1492 2370 1515 2393; x_wconf 72' lang='lat'>1³</span> <span class='ocrx_word' id='word_1_431' title='bbox 1541 2372 1564 2396; x_wconf 85' lang='lat'>1.</span> 
     </span>
     <span class='ocr_line' id='line_1_42' title="bbox 91 2399 1566 2439; baseline 0.008 -18"><span class='ocrx_word' id='word_1_432' title='bbox 91 2400 126 2425; x_wconf 75' lang='lat' dir='ltr'>G.</span> <span class='ocrx_word' id='word_1_433' title='bbox 150 2399 175 2422; x_wconf 89' lang='lat' dir='ltr'><strong>H</strong></span> <span class='ocrx_word' id='word_1_434' title='bbox 200 2400 224 2424; x_wconf 81' lang='lat'>1.</span> <span class='ocrx_word' id='word_1_435' title='bbox 248 2399 259 2422; x_wconf 83' lang='lat'>1</span> <span class='ocrx_word' id='word_1_436' title='bbox 284 2401 310 2424; x_wconf 88' lang='lat'>1.</span> <span class='ocrx_word' id='word_1_437' title='bbox 391 2399 422 2432; x_wconf 85' lang='lat' dir='ltr'>k)</span> <span class='ocrx_word' id='word_1_438' title='bbox 445 2401 485 2425; x_wconf 76' lang='lat' dir='ltr'>ica</span> <span class='ocrx_word' id='word_1_439' title='bbox 506 2401 532 2426; x_wconf 80' lang='lat' dir='ltr'><strong>A</strong></span> <span class='ocrx_word' id='word_1_440' title='bbox 557 2403 581 2427; x_wconf 93' lang='lat'>1.</span> <span class='ocrx_word' id='word_1_441' title='bbox 603 2400 642 2426; x_wconf 72' lang='lat'>²2.</span> <span class='ocrx_word' id='word_1_442' title='bbox 667 2403 692 2427; x_wconf 80' lang='lat'>2.</span> <span class='ocrx_word' id='word_1_443' title='bbox 717 2403 742 2427; x_wconf 84' lang='lat'>3.</span> <span class='ocrx_word' id='word_1_444' title='bbox 766 2404 789 2427; x_wconf 88' lang='lat' dir='ltr'>B</span> <span class='ocrx_word' id='word_1_445' title='bbox 815 2406 839 2428; x_wconf 79' lang='lat'>1.</span> <span class='ocrx_word' id='word_1_446' title='bbox 864 2405 889 2430; x_wconf 82' lang='lat'>2.</span> <span class='ocrx_word' id='word_1_447' title='bbox 913 2404 944 2430; x_wconf 85' lang='lat' dir='ltr'>C.</span> <span class='ocrx_word' id='word_1_448' title='bbox 969 2405 993 2429; x_wconf 79' lang='lat' dir='ltr'><strong>G</strong></span> <span class='ocrx_word' id='word_1_449' title='bbox 1017 2406 1098 2429; x_wconf 62' lang='lat'>2-4,</span> <span class='ocrx_word' id='word_1_450' title='bbox 1122 2406 1133 2429; x_wconf 91' lang='lat'>1</span> <span class='ocrx_word' id='word_1_451' title='bbox 1158 2406 1190 2435; x_wconf 88' lang='lat'>3;</span> <span class='ocrx_word' id='word_1_452' title='bbox 1223 2407 1340 2436; x_wconf 79' lang='lat' dir='ltr'>aliquid</span> <span class='ocrx_word' id='word_1_453' title='bbox 1362 2408 1384 2431; x_wconf 69' lang='lat'>1³</span> <span class='ocrx_word' id='word_1_454' title='bbox 1409 2409 1439 2437; x_wconf 88' lang='lat'>1;</span> <span class='ocrx_word' id='word_1_455' title='bbox 1462 2408 1566 2439; x_wconf 81' lang='lat' dir='ltr'>aliquo</span> 
     </span>
     <span class='ocr_line' id='line_1_43' title="bbox 89 2436 1565 2476; baseline 0.007 -15"><span class='ocrx_word' id='word_1_456' title='bbox 89 2438 114 2463; x_wconf 88' lang='lat' dir='ltr'>A</span> <span class='ocrx_word' id='word_1_457' title='bbox 138 2436 175 2463; x_wconf 82' lang='lat'>·4.</span> <span class='ocrx_word' id='word_1_458' title='bbox 209 2438 324 2469; x_wconf 80' lang='lat' dir='ltr'>aliquot</span> <span class='ocrx_word' id='word_1_459' title='bbox 354 2438 379 2462; x_wconf 90' lang='lat' dir='ltr'><strong>A</strong></span> <span class='ocrx_word' id='word_1_460' title='bbox 402 2440 428 2464; x_wconf 88' lang='lat'>5.</span> <span class='ocrx_word' id='word_1_461' title='bbox 461 2441 498 2464; x_wconf 92' lang='lat' dir='ltr'>D.</span> <span class='ocrx_word' id='word_1_462' title='bbox 532 2440 557 2465; x_wconf 79' lang='lat' dir='ltr'><strong>G</strong></span> <span class='ocrx_word' id='word_1_463' title='bbox 582 2441 605 2470; x_wconf 69' lang='lat'>1,</span> <span class='ocrx_word' id='word_1_464' title='bbox 638 2441 696 2468; x_wconf 79' lang='lat' dir='ltr'>alii.</span> <span class='ocrx_word' id='word_1_465' title='bbox 797 2441 819 2473; x_wconf 87' lang='lat'>1)</span> <span class='ocrx_word' id='word_1_466' title='bbox 842 2447 982 2473; x_wconf 79' lang='lat' dir='ltr'>pergeret</span> <span class='ocrx_word' id='word_1_467' title='bbox 1013 2443 1038 2467; x_wconf 97' lang='lat' dir='ltr'><strong>A</strong></span> <span class='ocrx_word' id='word_1_468' title='bbox 1063 2445 1088 2470; x_wconf 89' lang='lat'>1.</span> <span class='ocrx_word' id='word_1_469' title='bbox 1119 2444 1145 2468; x_wconf 93' lang='lat' dir='ltr'>D</span> <span class='ocrx_word' id='word_1_470' title='bbox 1171 2446 1200 2474; x_wconf 84' lang='lat'>1;</span> <span class='ocrx_word' id='word_1_471' title='bbox 1240 2446 1447 2476; x_wconf 77' lang='lat' dir='ltr'>pertingerent</span> <span class='ocrx_word' id='word_1_472' title='bbox 1477 2448 1501 2471; x_wconf 88' lang='lat' dir='ltr'><strong>A</strong></span> <span class='ocrx_word' id='word_1_473' title='bbox 1526 2446 1565 2474; x_wconf 81' lang='lat'>’3.</span> 
     </span>
     <span class='ocr_line' id='line_1_44' title="bbox 90 2475 1564 2518; baseline 0.008 -18"><span class='ocrx_word' id='word_1_474' title='bbox 90 2475 130 2508; x_wconf 88' lang='lat' dir='ltr'>m)</span> <span class='ocrx_word' id='word_1_475' title='bbox 155 2477 204 2508; x_wconf 78' lang='lat' dir='ltr'>qui</span> <span class='ocrx_word' id='word_1_476' title='bbox 228 2477 249 2500; x_wconf 67' lang='lat'>1³</span> <span class='ocrx_word' id='word_1_477' title='bbox 274 2479 305 2508; x_wconf 74' lang='lat'>13</span> <span class='ocrx_word' id='word_1_478' title='bbox 338 2479 408 2507; x_wconf 80' lang='lat' dir='ltr'>quia</span> <span class='ocrx_word' id='word_1_479' title='bbox 430 2479 452 2502; x_wconf 76' lang='lat' dir='ltr'>F</span> <span class='ocrx_word' id='word_1_480' title='bbox 474 2479 499 2505; x_wconf 72' lang='lat'>4.</span> <span class='ocrx_word' id='word_1_481' title='bbox 523 2479 549 2503; x_wconf 81' lang='lat' dir='ltr'>G</span> <span class='ocrx_word' id='word_1_482' title='bbox 573 2479 654 2504; x_wconf 81' lang='lat'>1-5.</span> <span class='ocrx_word' id='word_1_483' title='bbox 748 2479 778 2512; x_wconf 85' lang='lat' dir='ltr'>n)</span> <span class='ocrx_word' id='word_1_484' title='bbox 801 2482 910 2506; x_wconf 80' lang='lat' dir='ltr'>famem</span> <span class='ocrx_word' id='word_1_485' title='bbox 933 2483 1130 2507; x_wconf 73' lang='lat' dir='ltr'>tabmnfactus</span> <span class='ocrx_word' id='word_1_486' title='bbox 1154 2483 1178 2507; x_wconf 72' lang='lat' dir='ltr'>G</span> <span class='ocrx_word' id='word_1_487' title='bbox 1202 2484 1226 2508; x_wconf 84' lang='lat'>3.</span> <span class='ocrx_word' id='word_1_488' title='bbox 1318 2484 1346 2517; x_wconf 91' lang='grc' dir='ltr'>ο)</span> <span class='ocrx_word' id='word_1_489' title='bbox 1369 2489 1469 2516; x_wconf 82' lang='lat' dir='ltr'>posset</span> <span class='ocrx_word' id='word_1_490' title='bbox 1493 2486 1515 2511; x_wconf 90' lang='lat' dir='ltr'>C</span> <span class='ocrx_word' id='word_1_491' title='bbox 1539 2489 1564 2518; x_wconf 84' lang='lat'>1,</span> 
     </span>
     <span class='ocr_line' id='line_1_45' title="bbox 89 2516 1564 2555; baseline 0.007 -15"><span class='ocrx_word' id='word_1_492' title='bbox 89 2517 155 2547; x_wconf 67' lang='lat' dir='ltr'>alii3</span> <span class='ocrx_word' id='word_1_493' title='bbox 177 2516 248 2540; x_wconf 57' lang='lat' dir='ltr'>dccxc</span> <span class='ocrx_word' id='word_1_494' title='bbox 272 2516 296 2541; x_wconf 83' lang='lat' dir='ltr'>G</span> <span class='ocrx_word' id='word_1_495' title='bbox 319 2516 345 2542; x_wconf 80' lang='lat'>3.</span> <span class='ocrx_word' id='word_1_496' title='bbox 446 2517 477 2550; x_wconf 84' lang='lat' dir='ltr'>p)</span> <span class='ocrx_word' id='word_1_497' title='bbox 501 2519 681 2543; x_wconf 71' lang='lat' dir='ltr'>interfiveret</span> <span class='ocrx_word' id='word_1_498' title='bbox 703 2519 726 2543; x_wconf 81' lang='lat' dir='ltr'>P</span> <span class='ocrx_word' id='word_1_499' title='bbox 751 2521 774 2544; x_wconf 93' lang='grc'>1.</span> <span class='ocrx_word' id='word_1_500' title='bbox 877 2519 906 2552; x_wconf 76' lang='lat' dir='ltr'>q)</span> <span class='ocrx_word' id='word_1_501' title='bbox 931 2522 968 2545; x_wconf 78' lang='lat' dir='ltr'>ita</span> <span class='ocrx_word' id='word_1_502' title='bbox 991 2521 1016 2545; x_wconf 90' lang='lat' dir='ltr'><strong>A</strong></span> <span class='ocrx_word' id='word_1_503' title='bbox 1040 2523 1064 2546; x_wconf 93' lang='lat'>1.</span> <span class='ocrx_word' id='word_1_504' title='bbox 1089 2522 1114 2546; x_wconf 88' lang='lat'>5.</span> <span class='ocrx_word' id='word_1_505' title='bbox 1139 2523 1164 2546; x_wconf 92' lang='lat' dir='ltr'>D</span> <span class='ocrx_word' id='word_1_506' title='bbox 1191 2523 1201 2546; x_wconf 92' lang='grc'>1</span> <span class='ocrx_word' id='word_1_507' title='bbox 1238 2523 1324 2555; x_wconf 74' lang='lat' dir='ltr'>(quod</span> <span class='ocrx_word' id='word_1_508' title='bbox 1348 2531 1404 2555; x_wconf 77' lang='lat' dir='ltr'>pro</span> <span class='ocrx_word' id='word_1_509' title='bbox 1436 2526 1564 2550; x_wconf 84' lang='lat' dir='ltr'>eundem</span> 
     </span>
     <span class='ocr_line' id='line_1_46' title="bbox 84 2555 1562 2590; baseline 0.007 -11"><span class='ocrx_word' id='word_1_510' title='bbox 84 2555 209 2586; x_wconf 75' lang='lat' dir='ltr'>positum</span> <span class='ocrx_word' id='word_1_511' title='bbox 231 2563 287 2580; x_wconf 76' lang='lat' dir='ltr'>esse</span> <span class='ocrx_word' id='word_1_512' title='bbox 306 2555 461 2589; x_wconf 42' lang='lat' dir='ltr'>putarim„</span> <span class='ocrx_word' id='word_1_513' title='bbox 485 2557 579 2583; x_wconf 83' lang='lat' dir='ltr'>isdem</span> <span class='ocrx_word' id='word_1_514' title='bbox 602 2557 627 2582; x_wconf 88' lang='lat' dir='ltr'>A</span> <span class='ocrx_word' id='word_1_515' title='bbox 650 2557 689 2583; x_wconf 85' lang='grc'>’2.</span> <span class='ocrx_word' id='word_1_516' title='bbox 714 2560 738 2582; x_wconf 97' lang='grc'>2.</span> <span class='ocrx_word' id='word_1_517' title='bbox 764 2557 801 2584; x_wconf 80' lang='grc'>’3.</span> <span class='ocrx_word' id='word_1_518' title='bbox 825 2559 850 2583; x_wconf 83' lang='grc'>3.</span> <span class='ocrx_word' id='word_1_519' title='bbox 873 2560 899 2584; x_wconf 74' lang='grc'>4.</span> <span class='ocrx_word' id='word_1_520' title='bbox 923 2561 946 2585; x_wconf 88' lang='grc' dir='ltr'><strong><em>Β</em></strong></span> <span class='ocrx_word' id='word_1_521' title='bbox 972 2561 995 2584; x_wconf 92' lang='grc'>1.</span> <span class='ocrx_word' id='word_1_522' title='bbox 1019 2562 1044 2586; x_wconf 82' lang='grc'>2,</span> <span class='ocrx_word' id='word_1_523' title='bbox 1069 2561 1090 2585; x_wconf 90' lang='lat' dir='ltr'>C</span> <span class='ocrx_word' id='word_1_524' title='bbox 1114 2559 1150 2587; x_wconf 91' lang='grc'>“1.</span> <span class='ocrx_word' id='word_1_525' title='bbox 1177 2563 1198 2585; x_wconf 90' lang='grc'>1.</span> <span class='ocrx_word' id='word_1_526' title='bbox 1221 2562 1244 2585; x_wconf 80' lang='lat' dir='ltr'>F</span> <span class='ocrx_word' id='word_1_527' title='bbox 1270 2564 1292 2588; x_wconf 94' lang='lat' dir='ltr'>l.</span> <span class='ocrx_word' id='word_1_528' title='bbox 1319 2562 1343 2587; x_wconf 65' lang='grc' dir='ltr'>(ἱ</span> <span class='ocrx_word' id='word_1_529' title='bbox 1368 2564 1450 2590; x_wconf 80' lang='grc'>1-3,</span> <span class='ocrx_word' id='word_1_530' title='bbox 1476 2565 1562 2590; x_wconf 83' lang='lat' dir='ltr'>5a.c.</span> 
     </span>
     <span class='ocr_line' id='line_1_47' title="bbox 88 2594 1563 2634; baseline 0.007 -16"><span class='ocrx_word' id='word_1_531' title='bbox 88 2594 115 2618; x_wconf 84' lang='lat'>11</span> <span class='ocrx_word' id='word_1_532' title='bbox 140 2596 164 2620; x_wconf 89' lang='lat'>1.</span> <span class='ocrx_word' id='word_1_533' title='bbox 190 2595 202 2619; x_wconf 95' lang='lat'>1</span> <span class='ocrx_word' id='word_1_534' title='bbox 226 2596 258 2625; x_wconf 74' lang='lat'>13</span> <span class='ocrx_word' id='word_1_535' title='bbox 281 2595 396 2619; x_wconf 71' lang='lat' dir='ltr'>hisdem</span> <span class='ocrx_word' id='word_1_536' title='bbox 429 2596 452 2620; x_wconf 84' lang='grc' dir='ltr'>Ε</span> <span class='ocrx_word' id='word_1_537' title='bbox 477 2598 500 2622; x_wconf 92' lang='lat'>1.</span> <span class='ocrx_word' id='word_1_538' title='bbox 524 2598 546 2620; x_wconf 69' lang='grc' dir='ltr'>(ὲ</span> <span class='ocrx_word' id='word_1_539' title='bbox 572 2598 597 2622; x_wconf 92' lang='grc'>3,</span> <span class='ocrx_word' id='word_1_540' title='bbox 634 2612 663 2615; x_wconf 50' lang='lat' dir='ltr'>w</span> <span class='ocrx_word' id='word_1_541' title='bbox 702 2598 762 2622; x_wconf 80' lang='lat' dir='ltr'>ictu</span> <span class='ocrx_word' id='word_1_542' title='bbox 784 2599 807 2622; x_wconf 76' lang='grc' dir='ltr'>Β</span> <span class='ocrx_word' id='word_1_543' title='bbox 833 2600 855 2624; x_wconf 87' lang='grc'>1,</span> <span class='ocrx_word' id='word_1_544' title='bbox 882 2599 909 2623; x_wconf 86' lang='grc'>2.</span> <span class='ocrx_word' id='word_1_545' title='bbox 933 2600 954 2624; x_wconf 84' lang='lat' dir='ltr'>C</span> <span class='ocrx_word' id='word_1_546' title='bbox 979 2598 1024 2630; x_wconf 79' lang='lat'>‘13</span> <span class='ocrx_word' id='word_1_547' title='bbox 1057 2601 1133 2624; x_wconf 75' lang='lat' dir='ltr'>ictus</span> <span class='ocrx_word' id='word_1_548' title='bbox 1155 2601 1177 2625; x_wconf 76' lang='lat' dir='ltr'>F</span> <span class='ocrx_word' id='word_1_549' title='bbox 1203 2602 1225 2626; x_wconf 95' lang='lat' dir='ltr'>l.</span> <span class='ocrx_word' id='word_1_550' title='bbox 1251 2601 1275 2626; x_wconf 82' lang='lat' dir='ltr'><em>G</em></span> <span class='ocrx_word' id='word_1_551' title='bbox 1300 2603 1324 2626; x_wconf 90' lang='lat'>1.</span> <span class='ocrx_word' id='word_1_552' title='bbox 1349 2602 1375 2627; x_wconf 83' lang='lat'>3.</span> <span class='ocrx_word' id='word_1_553' title='bbox 1398 2603 1431 2634; x_wconf 74' lang='lat'>43</span> <span class='ocrx_word' id='word_1_554' title='bbox 1466 2603 1563 2629; x_wconf 74' lang='lat' dir='ltr'>hictus</span> 
     </span>
     <span class='ocr_line' id='line_1_48' title="bbox 87 2631 1565 2674; baseline 0.007 -17"><span class='ocrx_word' id='word_1_555' title='bbox 87 2631 113 2657; x_wconf 84' lang='lat' dir='ltr'><strong>A</strong></span> <span class='ocrx_word' id='word_1_556' title='bbox 135 2634 160 2658; x_wconf 84' lang='grc'>2.</span> <span class='ocrx_word' id='word_1_557' title='bbox 184 2634 206 2658; x_wconf 78' lang='grc' dir='ltr'>Ε</span> <span class='ocrx_word' id='word_1_558' title='bbox 232 2635 256 2660; x_wconf 86' lang='lat' dir='ltr'>l.</span> <span class='ocrx_word' id='word_1_559' title='bbox 280 2648 312 2652; x_wconf 98' lang='lat'><strong>—</strong></span> <span class='ocrx_word' id='word_1_560' title='bbox 344 2634 487 2660; x_wconf 65' lang='lat' dir='ltr'>ferientes</span> <span class='ocrx_word' id='word_1_561' title='bbox 511 2636 535 2661; x_wconf 88' lang='lat' dir='ltr'><strong>A</strong></span> <span class='ocrx_word' id='word_1_562' title='bbox 560 2637 584 2661; x_wconf 84' lang='grc'>2,</span> <span class='ocrx_word' id='word_1_563' title='bbox 609 2636 631 2660; x_wconf 70' lang='lat' dir='ltr'><strong>F</strong></span> <span class='ocrx_word' id='word_1_564' title='bbox 656 2637 679 2661; x_wconf 96' lang='lat' dir='ltr'>l.</span> <span class='ocrx_word' id='word_1_565' title='bbox 777 2636 801 2669; x_wconf 83' lang='lat' dir='ltr'>r)</span> <span class='ocrx_word' id='word_1_566' title='bbox 826 2638 865 2662; x_wconf 74' lang='lat' dir='ltr'>im</span> <span class='ocrx_word' id='word_1_567' title='bbox 887 2637 912 2662; x_wconf 86' lang='lat' dir='ltr'><strong>A</strong></span> <span class='ocrx_word' id='word_1_568' title='bbox 938 2640 960 2664; x_wconf 89' lang='lat' dir='ltr'>l.</span> <span class='ocrx_word' id='word_1_569' title='bbox 984 2639 1015 2664; x_wconf 78' lang='lat' dir='ltr'>F.</span> <span class='ocrx_word' id='word_1_570' title='bbox 1040 2638 1076 2663; x_wconf 87' lang='lat' dir='ltr'>G.</span> <span class='ocrx_word' id='word_1_571' title='bbox 1102 2640 1113 2663; x_wconf 94' lang='lat'>1</span> <span class='ocrx_word' id='word_1_572' title='bbox 1140 2640 1168 2671; x_wconf 84' lang='lat'>1;</span> <span class='ocrx_word' id='word_1_573' title='bbox 1191 2640 1260 2664; x_wconf 74' lang='lat' dir='ltr'>deest</span> <span class='ocrx_word' id='word_1_574' title='bbox 1283 2645 1340 2666; x_wconf 77' lang='lat' dir='ltr'>cett.</span> <span class='ocrx_word' id='word_1_575' title='bbox 1435 2641 1460 2674; x_wconf 80' lang='lat' dir='ltr'>s)</span> <span class='ocrx_word' id='word_1_576' title='bbox 1484 2645 1565 2669; x_wconf 71' lang='lat' dir='ltr'>terra</span> 
     </span>
     <span class='ocr_line' id='line_1_49' title="bbox 88 2671 1564 2713; baseline 0.007 -16"><span class='ocrx_word' id='word_1_577' title='bbox 88 2671 110 2697; x_wconf 86' lang='lat' dir='ltr'>C</span> <span class='ocrx_word' id='word_1_578' title='bbox 134 2673 158 2697; x_wconf 87' lang='lat'>1.</span> <span class='ocrx_word' id='word_1_579' title='bbox 185 2672 210 2698; x_wconf 87' lang='lat' dir='ltr'><strong>G</strong></span> <span class='ocrx_word' id='word_1_580' title='bbox 232 2673 259 2699; x_wconf 81' lang='lat'>4.</span> <span class='ocrx_word' id='word_1_581' title='bbox 352 2673 373 2705; x_wconf 74' lang='lat' dir='ltr'>t)</span> <span class='ocrx_word' id='word_1_582' title='bbox 398 2675 470 2699; x_wconf 80' lang='lat' dir='ltr'>talia</span> <span class='ocrx_word' id='word_1_583' title='bbox 491 2680 514 2700; x_wconf 66' lang='lat' dir='ltr'>ee</span> <span class='ocrx_word' id='word_1_584' title='bbox 536 2675 628 2700; x_wconf 79' lang='lat' dir='ltr'>verba</span> <span class='ocrx_word' id='word_1_585' title='bbox 649 2676 704 2700; x_wconf 78' lang='lat' dir='ltr'>des.</span> <span class='ocrx_word' id='word_1_586' title='bbox 729 2675 750 2701; x_wconf 89' lang='lat' dir='ltr'>C</span> <span class='ocrx_word' id='word_1_587' title='bbox 775 2678 801 2701; x_wconf 91' lang='lat'>1.</span> <span class='ocrx_word' id='word_1_588' title='bbox 892 2676 922 2709; x_wconf 90' lang='grc'>11)</span> <span class='ocrx_word' id='word_1_589' title='bbox 946 2678 997 2708; x_wconf 74' lang='lat' dir='ltr'>qui</span> <span class='ocrx_word' id='word_1_590' title='bbox 1027 2677 1052 2702; x_wconf 86' lang='lat' dir='ltr'><strong>A</strong></span> <span class='ocrx_word' id='word_1_591' title='bbox 1075 2676 1112 2703; x_wconf 79' lang='lat'>‘2.</span> <span class='ocrx_word' id='word_1_592' title='bbox 1137 2680 1162 2704; x_wconf 83' lang='lat'>3.</span> <span class='ocrx_word' id='word_1_593' title='bbox 1187 2678 1211 2703; x_wconf 79' lang='lat' dir='ltr'><strong>G</strong></span> <span class='ocrx_word' id='word_1_594' title='bbox 1235 2679 1260 2706; x_wconf 83' lang='lat'>3.</span> <span class='ocrx_word' id='word_1_595' title='bbox 1351 2678 1381 2711; x_wconf 86' lang='lat' dir='ltr'>v)</span> <span class='ocrx_word' id='word_1_596' title='bbox 1401 2681 1456 2706; x_wconf 81' lang='lat' dir='ltr'>hac</span> <span class='ocrx_word' id='word_1_597' title='bbox 1478 2686 1564 2713; x_wconf 78' lang='lat' dir='ltr'>parte</span> 
     </span>
     <span class='ocr_line' id='line_1_50' title="bbox 85 2711 1563 2753; baseline 0.007 -18"><span class='ocrx_word' id='word_1_598' title='bbox 85 2711 110 2735; x_wconf 86' lang='grc' dir='ltr'>Β</span> <span class='ocrx_word' id='word_1_599' title='bbox 134 2712 159 2736; x_wconf 89' lang='grc'>1.</span> <span class='ocrx_word' id='word_1_600' title='bbox 184 2712 204 2737; x_wconf 88' lang='lat' dir='ltr'>C</span> <span class='ocrx_word' id='word_1_601' title='bbox 230 2713 255 2739; x_wconf 91' lang='lat' dir='ltr'>l.</span> <span class='ocrx_word' id='word_1_602' title='bbox 272 2713 302 2744; x_wconf 59' lang='grc' dir='ltr'>Υ2.</span> <span class='ocrx_word' id='word_1_603' title='bbox 336 2713 362 2737; x_wconf 89' lang='lat' dir='ltr'>D</span> <span class='ocrx_word' id='word_1_604' title='bbox 387 2714 411 2740; x_wconf 81' lang='grc'>2.</span> <span class='ocrx_word' id='word_1_605' title='bbox 435 2713 460 2739; x_wconf 88' lang='grc'>3.</span> <span class='ocrx_word' id='word_1_606' title='bbox 551 2713 590 2746; x_wconf 83' lang='lat' dir='ltr'>w)</span> <span class='ocrx_word' id='word_1_607' title='bbox 612 2722 670 2745; x_wconf 84' lang='lat' dir='ltr'>quo</span> <span class='ocrx_word' id='word_1_608' title='bbox 695 2715 716 2739; x_wconf 71' lang='lat' dir='ltr'>(J</span> <span class='ocrx_word' id='word_1_609' title='bbox 741 2716 771 2746; x_wconf 78' lang='lat'>13</span> <span class='ocrx_word' id='word_1_610' title='bbox 801 2723 889 2746; x_wconf 84' lang='lat' dir='ltr'>quem</span> <span class='ocrx_word' id='word_1_611' title='bbox 914 2716 939 2742; x_wconf 57' lang='grc' dir='ltr'>(ὗ</span> <span class='ocrx_word' id='word_1_612' title='bbox 962 2717 986 2742; x_wconf 89' lang='grc'>3.</span> <span class='ocrx_word' id='word_1_613' title='bbox 1077 2717 1107 2748; x_wconf 82' lang='lat' dir='ltr'>x)</span> <span class='ocrx_word' id='word_1_614' title='bbox 1132 2718 1185 2743; x_wconf 82' lang='lat' dir='ltr'>illa</span> <span class='ocrx_word' id='word_1_615' title='bbox 1208 2719 1233 2742; x_wconf 89' lang='lat' dir='ltr'>D</span> <span class='ocrx_word' id='word_1_616' title='bbox 1259 2720 1283 2743; x_wconf 90' lang='grc'>2.</span> <span class='ocrx_word' id='word_1_617' title='bbox 1308 2718 1366 2744; x_wconf 80' lang='grc' dir='ltr'>“3.·ι.</span> <span class='ocrx_word' id='word_1_618' title='bbox 1391 2720 1417 2745; x_wconf 82' lang='grc'>3.</span> <span class='ocrx_word' id='word_1_619' title='bbox 1441 2722 1468 2746; x_wconf 70' lang='lat'>4.</span> <span class='ocrx_word' id='word_1_620' title='bbox 1492 2722 1506 2746; x_wconf 94' lang='lat'>1</span> <span class='ocrx_word' id='word_1_621' title='bbox 1531 2724 1563 2753; x_wconf 77' lang='lat'>13</span> 
     </span>
     <span class='ocr_line' id='line_1_51' title="bbox 87 2749 1422 2790; baseline 0.007 -16"><span class='ocrx_word' id='word_1_622' title='bbox 87 2749 148 2775; x_wconf 87' lang='lat' dir='ltr'>&#39;lic</span> <span class='ocrx_word' id='word_1_623' title='bbox 170 2751 194 2776; x_wconf 87' lang='lat' dir='ltr'>B</span> <span class='ocrx_word' id='word_1_624' title='bbox 218 2752 243 2776; x_wconf 92' lang='lat'>1.</span> <span class='ocrx_word' id='word_1_625' title='bbox 270 2753 313 2776; x_wconf 83' lang='lat' dir='ltr'>la.</span> <span class='ocrx_word' id='word_1_626' title='bbox 340 2753 363 2778; x_wconf 85' lang='grc'>2.</span> <span class='ocrx_word' id='word_1_627' title='bbox 387 2752 408 2778; x_wconf 85' lang='lat' dir='ltr'>C</span> <span class='ocrx_word' id='word_1_628' title='bbox 431 2753 477 2779; x_wconf 74' lang='lat'>41).</span> <span class='ocrx_word' id='word_1_629' title='bbox 501 2754 524 2778; x_wconf 89' lang='lat' dir='ltr'>E</span> <span class='ocrx_word' id='word_1_630' title='bbox 551 2755 575 2778; x_wconf 91' lang='lat'>1.</span> <span class='ocrx_word' id='word_1_631' title='bbox 601 2754 625 2778; x_wconf 82' lang='lat' dir='ltr'><strong>G</strong></span> <span class='ocrx_word' id='word_1_632' title='bbox 649 2754 693 2779; x_wconf 70' lang='lat'>511.</span> <span class='ocrx_word' id='word_1_633' title='bbox 717 2754 731 2779; x_wconf 94' lang='lat' dir='ltr'>I</span> <span class='ocrx_word' id='word_1_634' title='bbox 755 2756 789 2786; x_wconf 67' lang='grc' dir='ltr'>ὃς</span> <span class='ocrx_word' id='word_1_635' title='bbox 813 2755 886 2781; x_wconf 80' lang='lat' dir='ltr'>illue</span> <span class='ocrx_word' id='word_1_636' title='bbox 910 2755 935 2780; x_wconf 76' lang='lat' dir='ltr'><strong>G</strong></span> <span class='ocrx_word' id='word_1_637' title='bbox 958 2756 983 2781; x_wconf 80' lang='lat'>3.</span> <span class='ocrx_word' id='word_1_638' title='bbox 1006 2757 1032 2782; x_wconf 78' lang='lat'>4.</span> <span class='ocrx_word' id='word_1_639' title='bbox 1058 2757 1071 2781; x_wconf 95' lang='lat'>1</span> <span class='ocrx_word' id='word_1_640' title='bbox 1096 2758 1120 2783; x_wconf 79' lang='grc'>2.</span> <span class='ocrx_word' id='word_1_641' title='bbox 1203 2756 1233 2790; x_wconf 68' lang='lat' dir='ltr'>y)</span> <span class='ocrx_word' id='word_1_642' title='bbox 1257 2758 1328 2783; x_wconf 70' lang='lat' dir='ltr'>deest</span> <span class='ocrx_word' id='word_1_643' title='bbox 1350 2760 1374 2784; x_wconf 87' lang='lat' dir='ltr'><strong>A</strong></span> <span class='ocrx_word' id='word_1_644' title='bbox 1398 2759 1422 2784; x_wconf 83' lang='lat'>3.</span> 
     </span>
    </p>
   </div>
   <div class='ocr_carea' id='block_1_4' title="bbox 85 2757 94 2773">
    <p class='ocr_par' dir='ltr' id='par_1_5' title="bbox 85 2757 94 2773">
     <span class='ocr_line' id='line_1_52' title="bbox 85 2757 94 2773; textangle 90"><span class='ocrx_word' id='word_1_645' title='bbox 85 2757 94 2773; x_wconf 69' lang='grc'>,-</span> 
     </span>
    </p>
   </div>
   <div class='ocr_carea' id='block_1_5' title="bbox 1587 1851 1722 1886">
    <p class='ocr_par' dir='ltr' id='par_1_6' title="bbox 1587 1851 1722 1886">
     <span class='ocr_line' id='line_1_53' title="bbox 1587 1851 1722 1886; baseline 0.015 -7"><span class='ocrx_word' id='word_1_646' title='bbox 1587 1851 1633 1886; x_wconf 78' lang='grc' dir='ltr'>’ρ.</span> <span class='ocrx_word' id='word_1_647' title='bbox 1658 1855 1722 1881; x_wconf 82' lang='grc'>132.</span> 
     </span>
    </p>
   </div>
  </div>
 </body>
</html>
