1852 3141
319 129 462 162 PAULI
489 127 717 160 HISTORIA
744 126 1170 158 LANGOBARDORUM
1438 125 1481 155 43

23 242 94 294 IV,
116 241 180 282 31.
221 240 286 291 VI,
309 240 346 280 7.
368 238 457 291 37),
490 238 579 280 alia
599 243 956 291 transponuntur,
988 237 1314 285 contrahuntur,
1345 235 1481 275 verbis

23 297 195 338 mutatis
238 295 500 345 redduntur,
551 300 597 333 ut
638 295 785 348 potius
825 308 932 346 opus
971 307 1022 331 eac
1061 292 1198 332 Paulo
1248 290 1479 344 confectum

23 367 145 406 quam
180 350 308 391 Pauli
346 350 527 390 codicem
565 350 699 389 dicas.
757 349 904 402 IVeque
944 347 1290 402 interpolationes
1331 346 1482 386 desunt

23 408 113 459 (II,
143 405 180 445 9.
211 406 276 446 23.
307 405 373 445 32.
426 405 496 457 IV,
527 405 615 456 37).
674 405 739 445 De
770 405 835 444 his
867 404 1058 444 omnibus
1087 403 1227 444 retulit
1265 402 1303 442 V.
1338 400 1397 443 Cl.
1428 401 1480 442 H.

21 462 161 502 Pauli.

131 516 219 570 (98)
259 516 304 555 Κ
336 516 373 556 2.
435 515 918 556 Cheltenhamensis
965 513 1255 566 (bibliothecae
1301 513 1481 553 Thomae

20 565 257 626 Phillipps)
290 571 369 611 Nr.
387 571 505 622 3706,
539 570 636 611 olim
655 568 769 611 Julii
790 569 1034 610 Saibanti1.
1091 568 1178 609 Sub
1210 568 1331 609 titulo
1362 567 1482 608 Pauli

20 627 231 668 Wanafrit
250 625 519 667 Forliviensis
541 625 591 665 de
612 623 719 666 bello
740 623 1117 678 Longobardorum
1135 624 1178 677 f.
1201 624 1294 664 281,
1325 623 1482 678 ἰθρχίΐῖιν

21 683 203 723 historia
235 697 285 721 eoe
317 682 453 722 Paulo
484 686 680 734 excerpta
706 682 853 734 potius
885 694 1012 734 quam
1043 680 1271 733 descripta.
1330 680 1480 719 Pauca

20 740 205 779 enotavit
243 738 284 778 V.
319 736 376 779 ΟΖ.
407 737 459 777 R.
490 735 631 776 Pauli.

133 804 221 859 (99)
252 804 288 843 L
319 804 352 843 1.
411 803 838 857 Bamberqensis
867 803 917 842 E.
948 802 1030 842 III.
1063 803 1126 853 14,
1158 800 1321 842 membr.
1352 816 1384 840 3.
1406 801 1480 852 XI,

20 862 67 901 in
98 860 230 900 Italia
260 860 466 912 scriptus,
511 859 561 898 de
600 873 680 912 quo
707 857 814 912 fuse
854 858 1120 911 disputatum
1159 863 1217 896 est
1247 857 1375 896 Arch.
1406 857 1480 909 IX,

13 931 60 970 p.
83 915 162 956 673
193 930 279 970 sqq.
341 912 459 960 Quae
490 914 564 954 hoc
593 912 804 953 volumine
834 914 1105 953 continentur
1131 918 1311 952 ‘veterum
1344 914 1480 966 scrip-

19 977 156 1012 torum
187 985 316 1023 opera
339 969 548 1023 pleraque
579 984 663 1009 non
684 968 876 1020 fideliter
905 975 1091 1022 eoecepta,
1122 968 1195 1008 sed
1214 974 1374 1008 mutato
1395 982 1479 1008 ser-

20 1041 138 1067 mone
167 1025 336 1065 reddita
366 1025 587 1078 multisque
619 1024 912 1065 additionibus
943 1031 1070 1065 aucta
1102 1030 1212 1075 sunt,
1243 1025 1306 1064 ita
1335 1030 1381 1064 ut
1408 1025 1481 1065 vice

18 1082 202 1137 genuini
230 1081 434 1120 sermonis
464 1081 646 1135 vestiqia
677 1080 982 1133 deprehendas.

131 1147 247 1203 (100)
287 1147 323 1187 L
352 1148 390 1188 2.
455 1147 799 1199 Ooconiensis,
857 1146 955 1188 Coll.
992 1147 1241 1202 Ilffaydalen.
1278 1147 1372 1186 Lat.
1416 1147 1479 1198 14,

18 1203 183 1247 membr.
215 1218 246 1244 s.
276 1203 390 1243 XIV.
420 1203 458 1255 4,
490 1203 798 1258 Bamber'yens'i
829 1203 995 1253 similis,
1027 1209 1072 1242 ut
1103 1203 1143 1243 V.
1179 1201 1236 1244 Cl-
1267 1203 1321 1243 R.
1352 1201 1481 1242 Pauli

20 1260 267 1300 accuratius
298 1260 506 1313 eoeposuit,
537 1259 593 1298 N.
624 1257 752 1298 Arch.
784 1259 819 1310 I,
848 1273 891 1312 p.
925 1258 999 1299 161
1032 1273 1118 1313 sqq.

130 1326 247 1381 (101)
278 1325 312 1365 L
332 1325 369 1365 3.
416 1326 836 1367 Saresberiensis
858 1325 1053 1366 ecclesiae
1074 1325 1337 1366 cathedralis
1361 1324 1478 1366 1060.

18 1381 121 1433 234,
166 1381 263 1421 olim
298 1380 416 1421 ‘liber
446 1381 613 1422 ecclesie
643 1380 828 1432 Sarum’,
860 1381 1024 1421 membr.
1056 1397 1087 1421 3.
1117 1381 1245 1432 XIII,
1294 1396 1320 1421 a
1350 1381 1476 1420 Beth-

17 1451 175 1477 manno
207 1437 287 1476 huc
317 1436 477 1477 relatus
508 1443 589 1488 est,
621 1436 676 1490 cf.
707 1436 836 1480 Arch.
866 1436 954 1488 VII,
982 1452 1027 1491 2).
1059 1436 1151 1477 244.
1184 1436 1275 1477 343.

127 1503 177 1544 *A
173 1503 261 1559 ffer
268 1510 396 1544 untur
417 1511 645 1558 praeterea
659 1511 673 1531 ²
685 1520 697 1544 .·

129 1572 246 1626 (102)
312 1570 603 1611 Vaticanus
631 1571 712 1611 Nr.
742 1572 862 1623 8086,
904 1572 1037 1612 chart.
1068 1586 1099 1611 3.
1130 1571 1219 1612 XV
1239 1570 1316 1625 (cf.
1347 1570 1477 1611 Arch.

16 1626 112 1678 XII,
135 1641 183 1680 p.
214 1625 339 1677 260),
385 1627 460 1679 qui
495 1628 607 1667 inter
645 1627 735 1666 alia
775 1633 973 1681 eaecerpta
1011 1642 1062 1667 eoc
1092 1627 1228 1667 Paulo
1268 1627 1477 1681 quaedam

16 1682 241 1735 descripsit
271 1680 464 1734 capitula
495 1682 551 1733 (I,
584 1682 729 1721 1—12.
764 1682 937 1722 14—16.
968 1682 1033 1722 22.
1065 1682 1130 1723 23.
1171 1683 1228 1733 Π,
1262 1684 1297 1723 1.
1329 1683 1477 1726 8-10,

17 1736 190 1777 14-17.
222 1736 395 1776 19—21.
436 1736 477 1788 V,
507 1737 572 1777 30.
624 1737 687 1789 VI,
721 1737 783 1777 11.
814 1737 878 1778 23.
910 1737 975 1777 24.
1006 1737 1071 1778 34.
1102 1738 1168 1778 39.
1198 1738 1264 1778 47.
1295 1738 1361 1778 48.
1392 1737 1477 1793 57).

124 1803 241 1857 (103)
301 1804 654 1856 IlIantuanus,
697 1804 794 1845 olim
831 1807 1080 1846 monasterii
1110 1805 1475 1857 Padolironensis,

13 1858 142 1900 Arei.
173 1859 270 1910 XII,
295 1874 343 1913 p.
374 1859 465 1900 627.

124 1926 240 1983 (104)
304 1926 797 1980 Cantabrifsiensis,
839 1928 963 1970 Clare
994 1927 1111 1982 Hall,
1142 1929 1307 1970 membr.
1325 1928 1411 1983 fol.
1443 1945 1475 1969 3.

12 1981 133 2034 ΧΙΙΙ,
165 1981 340 2034 Haenel,
376 1981 464 2023 Cat.
491 1998 538 2036 p.
569 1983 660 2023 781.

123 2049 244 2105 (105)
307 2049 477 2090 Comitis
508 2049 557 2089 de
588 2050 801 2090 Asburn
816 2050 932 2091 ham
962 2052 1010 2092 L.
1041 2051 1106 2104 86,
1137 2053 1302 2093 membr.
1324 2068 1356 2094 3.
1377 2053 1476 2105 XII,

12 2105 136 2158 cujus
165 2106 362 2146 notitiam
392 2105 427 2145 b.
459 2121 511 2146 m.
543 2105 592 2145 G.
626 2106 681 2146 H.
711 2106 830 2146 Pertz
860 2107 987 2148 dedit.

122 2172 239 2227 (106)
296 2172 654 2214 Abrincensis
698 2173 946 2215 bibliotheca
991 2175 1154 2229 aliquot
1197 2176 1356 2217 codicis
1400 2178 1476 2231 qui

0 2225 96 2279 fuit
125 2228 284 2268 Montis
309 2228 353 2269 S.
376 2227 601 2269 Michaelis
620 2228 742 2282 folia
772 2244 804 2268 3.
834 2230 931 2270 XII.
963 2232 1126 2285 scripta
1156 2238 1316 2285 servat;
1348 2232 1473 2272 Beth—

9 2296 169 2322 manno
201 2289 311 2334 teste,
341 2285 415 2336 qui
447 2285 504 2324 ibi
525 2299 738 2338 praesens
755 2285 865 2338 fait.

122 2348 239 2405 (107)
296 2349 598 2391 Vaticanus
626 2351 921 2394 Palatinus
950 2353 1031 2394 Nr.
1053 2354 1146 2406 851,
1177 2355 1310 2394 chart.
1333 2370 1365 2395 3.
1386 2355 1474 2406 XV,

9 2448 200 2482 comitissae
219 2449 400 2482 Mathildis
429 2451 467 2489 (a
493 2451 608 2483 comite
626 2451 666 2484 P.
680 2452 836 2484 M'anara
862 2453 992 2494 edita);
1018 2454 1071 2486 De
1088 2455 1192 2496 festis
1221 2456 1473 2496 apostolorum;

8 2498 63 2530 De
92 2499 134 2529 72
171 2497 372 2539 discipulis,-
414 2498 466 2531 De
502 2505 626 2541 septem
659 2499 836 2532 miraculis
872 2501 1012 2540 mundi,·
1053 2503 1230 2544 Excerpta
1266 2514 1306 2534 ea:
1341 2503 1472 2536 Selino.

11 2545 48 2588 1)
81 2545 119 2580 V.
149 2545 302 2588 (Maffci)
340 2546 459 2579 Indice
497 2547 549 2579 de*
577 2547 657 2579 libri
695 2547 732 2579 di
771 2548 886 2580 Giulio
924 2549 1098 2583 Saibanli.
1159 2551 1279 2584 Veron.
1311 2552 1411 2592 1734,
1439 2552 1472 2593 8,

7 2593 67 2626 ubi
91 2595 141 2626 ita
168 2596 327 2636 affertur:
355 2596 454 2627 Pauli
474 2597 616 2628 Venafri
636 2597 884 2629 Foroliviensis
912 2598 955 2630 de
983 2599 1075 2631 bello
1094 2600 1253 2641 Longob.
1354 2598 1392 2643 2)
1420 2600 1473 2633 De

6 2641 199 2675 Parisiensi
228 2643 291 2675 Nr.
315 2644 405 2675 1750
431 2655 462 2676 v.
482 2656 590 2685 supra
612 2644 696 2683 C'3;
723 2645 764 2677 de
792 2644 970 2678 Briaez'cnsi
995 2647 1021 2677 J
1045 2643 1095 2679 lb.
1197 2647 1233 2689 3)
1263 2648 1343 2682 Cod.
1372 2649 1471 2681 Glas-

6 2689 183 2731 covicnsis,
211 2691 303 2724 Mus.
320 2692 472 2724 Hunter.
491 2692 527 2724 S.
545 2694 600 2733 52,
627 2693 763 2729 membr,
791 2706 818 2726 s.
838 2694 947 2727 XIII.
975 2695 1075 2736 XIV,
1102 2696 1207 2728 Pauli
1233 2697 1401 2738 epitomen
1429 2697 1472 2730 ab

5 2738 214 2772 Eklcehardo
241 2741 430 2783 confectam
456 2740 613 2774 continet.

1494 1522 1501 1530 '
1525 1532 1540 1549 ι,
1564 1524 1609 1547 42.
