1852 3141
254 130 298 162 32
558 131 705 162 PAULI
732 130 959 162 HISTORIA
986 130 1430 165 LANGOBARDORL‘M.

367 241 457 294 (44)
488 241 532 281 D
554 240 592 281 8.
651 240 1001 281 Parisiensis
1038 240 1118 280 Nr.
1154 241 1276 294 4877,
1315 242 1411 283 olim
1457 241 1735 294 C'olbertinus,

255 296 421 337 membr.
443 311 475 336 s.
498 296 619 336 XIII.
659 296 759 336 I’ost
780 294 966 335 Paulum
987 294 1152 335 exhibet
1173 296 1397 338 Einhardi
1425 297 1556 340 Vitam
1579 297 1737 338 Karoli

256 358 291 393 et
323 351 451 392 Gesta
484 351 744 402 Aleoeandri,
777 351 920 391 onmia
952 365 1043 390 una
1075 366 1209 391 manu
1240 359 1437 393 eaearata.

368 406 458 461 (45)
490 407 533 446 D
555 407 592 447 9.
642 406 749 446 Par
762 406 993 446 isiensis
1024 405 1105 445 Nr.
1131 405 1263 446 14693
1295 407 1364 459 (S.
1404 408 1581 449 Victoris
1617 407 1735 459 289),

254 458 422 503 membr.
445 461 530 514 fol.
571 476 602 501 s.
633 461 748 501 XIV.
780 463 840 502 in.
874 460 1110 502 Historiam
1144 461 1533 517 Langobardorum
1573 470 1735 504 antece-

255 518 362 558 dunt
393 517 580 557 IIaitoni
611 517 793 557 historia
833 517 1022 567 orientis,
1055 517 1299 558 Eoeordium
1330 518 1556 572 hospitalis
1586 520 1738 560 Hiero-

256 572 469 613 solimitan
481 573 505 622 i,
537 571 669 612 Pauli
699 572 882 613 historia
913 572 1128 613 Romana.

366 627 456 681 (4⁴3)
486 627 530 667 D
556 627 619 667 10.
671 628 989 683 Haayensis
1019 628 1102 668 Ny:
1124 628 1218 679 906,
1252 627 1350 669 olim
1380 628 1735 681 Fontanellensis,

255 683 421 724 membr.
444 697 474 722 3.
493 682 591 722 XII.
613 697 692 735 eac„
724 682 762 735 8,
794 684 867 724 ubi
893 690 991 737 post
1011 684 1152 724 breves
1175 683 1370 725 Annales
1391 683 1738 725 Fontanellenses

254 737 435 793 legitur:
466 738 621 792 Incipit
657 752 755 794 pars
785 738 837 779 de
867 739 996 793 gestis
1026 738 1417 794 Langobardorum,
1448 740 1477 780 i.
1509 755 1542 780 e.
1584 739 1649 791 VI,
1671 739 1738 780 53.

256 794 338 846 III,
364 794 509 834 1—35.
552 793 618 845 VI,
639 796 678 835 ξ).
701 795 738 835 6.
771 795 804 846 Ι,
830 795 893 835 li).
919 795 981 836 16.
1004 795 1070 835 27.
1100 795 1158 847 II,
1181 795 1359 835 28-30.

369 849 460 904 (47)
491 849 534 889 D
559 849 622 889 11.
672 850 1104 902 Alencionensis,
1136 851 1234 891 olim
1264 850 1473 892 Uticensis
1496 850 1739 903 S.Ebrulfi,

255 905 421 946 membr.
452 921 483 945 s.
515 905 614 956 XII,
657 907 731 946 hoc
763 921 926 961 quoque
955 906 1044 946 loco
1068 907 1302 960 ponendus
1332 913 1410 957 est,
1449 912 1657 961 quantum
1688 920 1740 946 eoe

258 961 443 1016 sfflyulis
479 961 584 1001 locis
626 977 665 1001 a.
708 961 748 1003 V.
794 961 859 1004 Cl.
897 962 1072 1002 Daulne
1110 962 1382 1003 bibliothecae
1416 962 1635 1016 praefecto
1674 962 1740 1001 in-

256 1017 423 1070 spectis,
456 1016 505 1056 de
537 1017 691 1071 quibus
712 1017 982 1058 Bethmanno
1013 1017 1170 1069 retulit,
1193 1018 1400 1072 judicare
1421 1017 1528 1058 licet.
1579 1016 1739 1057 Eodem

256 1070 469 1112 volumine
499 1074 729 1113 etiamnum
764 1074 1037 1113 continentur
1077 1072 1193 1113 Vitae
1224 1072 1496 1124 Sanctorum,
1529 1073 1740 1113 Ademari

257 1128 579 1168 chronostichon
615 1129 674 1168 ad
703 1128 933 1179 Rohonem,
968 1127 1095 1169 Gesta
1123 1129 1393 1183 pontificum,
1436 1129 1527 1169 Vita
1560 1127 1739 1182 filujah,

258 1183 354 1223 olim
378 1198 473 1223 vero
496 1183 828 1237 Montfauconio
849 1190 945 1224 teste
961 1190 1193 1238 praeterea
1207 1185 1495 1239 Epitaphium
1517 1183 1738 1236 Illabiliae,

265 1238 497 1279 Ordericus
538 1238 702 1279 Vitalis.

366 1293 431 1333 Ab
464 1294 529 1334 his
558 1294 732 1349 longius
765 1295 967 1336 recedunt
997 1295 1160 1336 codices
1191 1293 1342 1335 classis
1371 1295 1423 1334 E.

368 1348 459 1405 (48)
490 1350 587 1389 Ε1.
647 1348 1012 1391 Florentinus
1049 1350 1471 1391 Laurentianus
1512 1350 1641 1402 LXV,
1673 1349 1739 1402 34,

244 1404 328 1458 fol.
359 1419 391 1444 s.
423 1405 470 1445 X.
502 1405 577 1456 XI,
615 1405 721 1446 liber
759 1420 946 1460 maqnae
976 1405 1110 1454 molis,
1149 1420 1229 1460 quo
1256 1406 1503 1460 praecipua
1535 1406 1742 1446 historiae

257 1466 524 1500 monumenta
577 1466 702 1501 erant
745 1463 999 1516 conjuncta:
1059 1461 1263 1515 Prosperi
1311 1461 1567 1512 chronicon,
1612 1460 1745 1501 Pauli

258 1516 441 1556 historia
472 1516 688 1567 Romana,
727 1516 873 1559 Orosii
901 1518 1025 1568 liber,
1056 1517 1272 1559 Jordanis
1303 1517 1353 1557 de
1382 1522 1616 1570 temporum
1647 1531 1741 1557 suc-

259 1573 441 1612 cessione
472 1578 509 1612 et
539 1571 589 1612 de
620 1572 745 1612 rebus
768 1571 940 1625 Geticis,
971 1573 1186 1627 Josephus
1212 1578 1248 1613 et
1270 1573 1558 1627 Heyesippus,
1589 1573 1635 1612 hi
1655 1572 1742 1612 duo

258 1642 374 1667 nunc
415 1628 616 1682 sejuncti,
665 1626 795 1668 Gesta
834 1629 1124 1679 Francorum,
1169 1628 1395 1668 Einhardi
1441 1627 1532 1668 Vita
1572 1627 1742 1680 Karoli,

258 1682 457 1723 Historia
487 1683 724 1737 Apollonii.
783 1683 914 1725 Pauli
943 1684 1071 1724 verba
1101 1683 1276 1724 liberius
1305 1682 1492 1734 reddita,
1530 1682 1743 1737 quaedam

261 1738 322 1778 vel
351 1737 615 1793 neyliyentia.
647 1738 708 1779 vel
748 1738 930 1780 consilio
961 1740 1141 1791 omissa,·
1179 1754 1359 1793 quorum
1390 1744 1562 1792 partem
1594 1742 1742 1792 (prae-

259 1794 403 1833 sertim
439 1808 610 1834 carmen
647 1795 694 1834 in
734 1793 906 1835 laudem
947 1795 991 1836 S.
1022 1793 1249 1835 Benedicti
1288 1796 1564 1847 compositum
1596 1794 1630 1845 I,
1666 1793 1743 1846 26)

258 1849 397 1889 scriba
422 1855 575 1902 postea
607 1848 834 1902 supplevit.
905 1849 968 1904 Cf.
999 1850 1057 1890 N.
1088 1850 1218 1890 Arch.
1241 1849 1276 1900 I,
1293 1866 1341 1904 p.
1363 1850 1458 1890 546.

371 1904 461 1959 (49)
494 1905 536 1944 E
552 1903 590 1944 2.
651 1905 877 1946 Vindobo
893 1907 1071 1946 nensis
1092 1905 1174 1945 Noa
1196 1905 1305 1946 3126
1328 1906 1464 1958 (Hist.
1481 1904 1602 1960 prof.
1623 1904 1743 1957 477),

261 1959 357 2000 olim
379 1959 519 2000 ‘Liber
540 1960 598 2000 M.
614 1961 872 2014 patriarche
892 1960 1236 2016 Aquilejensis’1,
1267 1961 1401 2001 chart
1433 1975 1464 2000 s.
1487 1961 1578 2012 XV,
1607 1976 1742 2001 manu

259 2014 374 2055 Itala
403 2016 604 2069 scriptus,
643 2017 718 2071 qui
740 2023 918 2069 praeter
946 2017 1181 2070 Josephum
1211 2022 1248 2057 et
1273 2016 1564 2071 Hegesippum
1597 2017 1743 2057 eadem

261 2071 444 2111 continet
473 2072 648 2124 scripta.
708 2072 817 2113 Eum
851 2072 1001 2113 evolvit
1043 2072 1083 2113 V.
1119 2071 1176 2113 Cl.
1216 2071 1504 2113 IsVattenbach.

372 2126 462 2181 (50)
494 2127 592 2167 Ε3.
652 2127 931 2168 Romanu-s
969 2127 1323 2168 bibliothecae
1359 2127 1662 2181 Anyelicae
1700 2127 1745 2179 V,

261 2181 343 2231 III,
377 2182 441 2233 19,
473 2182 608 2221 chart.
639 2197 672 2222 s.
703 2182 788 2222 XV.
821 2197 884 2223 eoe.
915 2183 978 2223 vel
1007 2183 1117 2234 XVI,
1149 2183 1212 2223 nil
1243 2183 1332 2223 nisi
1362 2182 1601 2223 Historiam
1624 2182 1741 2223 Lan-

258 2236 547 2291 ,qobardorum
573 2237 752 2291 praebet
782 2253 909 2293 eoque
941 2239 991 2279 ab
1016 2239 1059 2279 E
1078 2239 1098 2277 1
1128 2237 1283 2292 differt,
1315 2237 1428 2292 quod
1457 2237 1645 2293 singulis
1674 2253 1745 2278 ca-

251 2292 419 2345 pitibus
451 2299 706 2347 argumenta
731 2294 981 2347 praemittit.
1026 2292 1176 2334 Fluoeit
1206 2299 1361 2344 tamen,
1380 2293 1744 2348 Bethmannoju-

260 2348 365 2399 dice,
387 2348 463 2402 qui
482 2363 573 2388 eum
597 2348 718 2403 apud
735 2349 779 2389 S.
799 2349 1089 2404 Augustinum
1114 2350 1394 2399 eoeaminavit,
1414 2363 1466 2389 ea:
1483 2349 1556 2389 El
1575 2347 1638 2389 vel
1655 2349 1743 2389 ΕΞ.

372 2401 461 2457 (51)
484 2403 582 2443 Ε4.
621 2403 726 2444 Lon
742 2404 1020 2445 (liniensis
1052 2404 1219 2445 Harlei.
1242 2404 1322 2444 Nr.
1353 2404 1475 2456 5383,
1506 2404 1672 2445 membr.
1704 2406 1742 2444 4.

130 2476 236 2511 ·p.35,
261 2472 293 2498 s.
315 2458 436 2498 XIII.
463 2457 525 2499 vel
550 2459 664 2510 XIV,
691 2458 946 2511 Florentiae,
979 2462 1054 2500 *ut
1082 2461 1264 2512 videtur,
1297 2460 1483 2512 scriptus
1498 2466 1524 2499 ².
1570 2460 1744 2500 Indices

262 2528 402 2554 omnes
425 2519 461 2554 et
482 2514 704 2569 complura
728 2516 875 2569 capita
900 2516 958 2567 (I,
980 2515 1045 2556 26.
1077 2516 1136 2567 ΙΙ,
1163 2515 1224 2556 13.
1255 2515 1338 2567 ΙΙΙ,
1360 2515 1398 2555 ⁶2.
1424 2515 1487 2557 14.
1516 2515 1593 2566 IV,
1615 2514 1652 2554 9.
1679 2514 1742 2554 19.

260 2569 326 2610 33.
368 2569 433 2622 VI,
457 2568 494 2610 7.
516 2570 554 2610 8.
582 2570 653 2621 14)
678 2570 816 2625 plane
847 2572 1110 2624 omittuntur,
1150 2571 1241 2611 alia·
1262 2570 1390 2611 multo
1413 2571 1742 2622 contrahuntur,

264 2686 298 2727 1]
328 2687 408 2719 Cod.
438 2687 587 2721 Scurial.
616 2689 669 2722 II.
696 2689 738 2721 R.
779 2690 835 2722 18.
863 2690 1043 2722 BETHM.
1161 2689 1197 2731 2)
1226 2690 1271 2721 In
1305 2701 1413 2732 mary.
1437 2689 1507 2730 fol.
1538 2689 1570 2720 7.
1597 2688 1742 2732 legitur:

260 2735 302 2767 A.
318 2735 361 2767 D.
389 2747 616 2770 MCCCXLVIH.
636 2738 815 2769 simillima
837 2740 946 2780 pestis
964 2738 1143 2770 Florentie
1160 2742 1193 2770 et
1208 2739 1307 2780 quasi
1321 2748 1384 2780 per
1397 2739 1597 2770 universum
1612 2738 1742 2770 orbem.
