1852 3141
442 139 589 172 PAULI
614 139 844 172 HISTORIA
871 138 1315 172 LANGOBARDORUM.
1578 141 1619 171 13

257 249 484 291 Carissimo
515 249 631 290 fratri
662 255 702 290 et
731 249 901 290 domino
930 248 1164 300 Adalardo,
1201 249 1291 290 viro
1321 249 1425 301 Dei,
1464 249 1619 291 Paulus

141 304 334 360 supplex.
408 304 655 359 Cupieram,
701 304 850 346 dilecte
890 306 967 357 mi,
1010 311 1167 345 aestate
1209 305 1434 359 praeterita
1476 304 1619 346 videre

141 361 295 401 faciem
324 367 460 412 tuam,
501 360 667 415 quando
698 359 777 400 illis
808 360 853 400 in
888 360 1076 415 partibus
1117 359 1198 412 fui,
1237 359 1310 400 sed
1351 359 1620 414 praepeditus

138 414 382 457 lassitudine
421 416 671 470 sonipedum
709 415 763 456 ad
792 421 832 456 te
860 416 1002 456 venire
1030 429 1115 455 non
1153 415 1283 470 potui.
1340 415 1619 457 Interioribus

139 478 280 512 tamen
302 470 448 523 0011118,
478 471 631 526 quibus
652 470 749 511 solis
769 469 902 521 valeo,
933 477 1029 511 tuae
1057 470 1326 512 fraternitatis
1351 470 1618 512 dulcedinem

138 526 378 582 frequenter
398 527 570 581 aspicio.
620 525 846 566 Volueram
868 525 1063 580 equidem
1085 526 1166 567 tuis
1196 526 1384 581 imperiis
1414 527 1499 567 iam
1521 534 1618 568 ante

139 596 305 636 parere3
337 581 422 633 sed,
453 588 598 636 utpote
627 595 790 635 pauper
819 587 860 621 et
889 581 958 620 cui
987 580 1140 621 desunt
1168 580 1340 633 librarii,
1382 582 1499 636 prius
1537 583 1618 623 hoc

137 637 275 678 facere
296 637 479 692 nequivi,
509 636 692 677 maxime
723 650 819 676 cum
849 650 916 676 me
946 642 1033 676 tam
1063 635 1228 690 prolixa
1247 635 1436 678 valitudo
1468 639 1617 678 contri-

139 693 257 745 verit,
288 699 334 733 ut
363 708 388 733 a
407 707 549 733 mense
572 690 838 746 Septembrio
869 704 1003 745 paene
1024 705 1159 746 usque
1180 690 1234 731 ad
1255 691 1367 732 diem
1388 693 1617 734 nativitatis

136 748 311 788 Domini
340 746 491 788 lectulo
523 746 714 788 detentus
736 746 828 798 sim,
857 761 993 801 neque
1023 745 1188 787 licuerit
1216 746 1412 788 clericulo
1442 747 1513 800 illi,
1546 749 1618 803 qui

138 803 242 844 haec
281 802 429 843 eadem
468 808 697 857 utcumque
735 802 924 856 scripsit,
970 816 1141 841 manum
1185 802 1239 842 ad
1274 805 1619 844 atramentarium

137 859 313 898 mittere.
373 858 551 911 Suscipe
589 864 750 909 tamen,
789 858 983 912 quamvis
1014 872 1118 909 sero,
1151 857 1347 912 epistolas
1379 873 1484 913 quas
1515 858 1620 900 desi-

137 913 312 965 derasti3
357 918 398 953 et
438 914 537 968 quia
581 912 682 952 mihi
724 927 794 953 eas
832 918 928 953 ante
967 912 1152 967 relegere
1196 927 1298 967 prae
1344 915 1620 969 occupatione

137 974 245 1009 totas
275 982 360 1008 non
388 967 517 1020 licuit,
549 968 601 1008 34
624 982 678 1008 ex
708 968 767 1008 eis
790 968 894 1008 scito
915 966 1089 1009 relectas
1120 974 1161 1009 et
1190 976 1315 1023 prout
1344 970 1462 1023 potui
1484 984 1622 1010 emen-

136 1023 254 1064 datas
285 1038 397 1075 esse,
437 1031 605 1078 praeter
634 1037 771 1078 pauca
801 1022 914 1075 loca,
956 1024 998 1063 in
1030 1023 1182 1079 quibus
1212 1024 1350 1064 minus
1379 1025 1542 1078 inveni,
1581 1033 1622 1066 01

136 1086 277 1120 13111011
297 1093 390 1119 11100
422 1093 470 1120 03
500 1093 625 1120 8011811
654 1078 848 1134 supplere
877 1077 1004 1131 1101111,
1035 1094 1087 1120 ne
1108 1079 1274 1120 viderer
1302 1080 1407 1120 tanti
1437 1080 1618 1121 doctoris

136 1135 265 1176 verba
308 1134 528 1175 imnutare.
597 1133 762 1185 Quibus
806 1135 847 1174 in
892 1134 996 1175 locis
1042 1141 1083 1176 et
1126 1134 1358 1176 forinsecus
1403 1135 1457 1176 ad
1503 1150 1617 1177 oram

136 1196 282 1242 zetam,
315 1190 428 1244 quod
457 1196 518 1231 est
547 1190 637 1230 vitii
667 1190 847 1244 signum,
878 1190 1069 1245 apposui.
1128 1190 1221 1231 Tua
1250 1191 1391 1246 itaque
1429 1191 1618 1232 fraterni—

134 1251 210 1297 tas,
242 1246 278 1285 si
308 1260 351 1286 se
381 1244 557 1286 facultas
579 1244 753 1297 dederit,
784 1245 966 1300 reliquas
997 1245 1193 1300 epistolas
1215 1245 1268 1286 ad
1290 1245 1617 1288 emendatiorem

133 1299 319 1355 relegere
348 1301 513 1341 studeat
533 1300 736 1353 codicem,
769 1300 844 1341 sed
874 1307 914 1341 01
942 1300 1048 1353 loca,
1078 1301 1121 1341 in
1152 1301 1305 1356 quibus
1323 1302 1461 1342 minus
1490 1302 1616 1344 habe-

132 1363 212 1408 tur,
242 1355 511 1396 nihilominus
533 1355 739 1410 supplere.
799 1356 894 1397 Hoc
920 1362 1059 1397 tamen
1090 1357 1299 1398 sanctitati
1330 1364 1425 1398 tuae
1447 1358 1616 1411 suadeo,

133 1426 185 1452 ne
214 1411 373 1466 passim
402 1417 574 1466 propter
601 1410 761 1466 aliqua,
804 1425 909 1466 quae
939 1412 982 1451 in
1022 1412 1081 1452 eis
1113 1413 1252 1452 minus
1283 1412 1457 1454 idoneos
1488 1412 1617 1454 latere

134 1467 269 1520 magis
301 1481 427 1521 quam
458 1467 565 1507 scire
596 1467 809 1518 convenit,
840 1466 1121 1521 publicentur.
1180 1466 1302 1519 Vale,
1343 1467 1470 1509 frater
1506 1482 1617 1509 31113-

135 1520 247 1574 bilis,
289 1536 454 1576 semper
482 1522 524 1561 in
554 1522 676 1563 bonis
706 1521 905 1576 gliscens,
937 1528 976 1563 et
1007 1537 1104 1562 cum
1135 1530 1317 1563 mentem
1347 1523 1400 1563 ad
1437 1539 1617 1579 superna

133 1577 371 1628 tetenderis,
403 1584 612 1618 memento
644 1578 739 1618 11101.

245 1631 356 1673 Α1110
387 1646 484 1672 81108
514 1632 670 1672 1·οΗ11118
700 1632 871 1673 Rhenus
902 1633 1122 1687 repedabit
1150 1633 1205 1673 ad
1235 1640 1362 1685 ortus,

299 1687 411 1728 Ante
441 1693 555 1741 petet
582 1687 741 1728 fontem
770 1687 881 1728 clara
912 1687 1085 1728 Mosella
1115 1703 1248 1739 suum,

246 1742 386 1794 Quam
416 1748 511 1783 tuus
544 1757 565 1783 e
596 1749 752 1795 nostro,
784 1757 927 1783 carum
957 1757 1007 1784 ac
1038 1742 1309 1785 memorabile
1342 1759 1507 1799 semper

299 1798 436 1838 Dulce
460 1797 649 1839 Adalard
678 1813 844 1851 nomen,
876 1806 1045 1854 pectore
1077 1798 1198 1840 cedat
1227 1814 1358 1840 amor.

244 1854 310 1894 Tu
340 1868 519 1909 quoque,
552 1854 585 1894 si
615 1853 715 1894 felix
745 1855 892 1908 vigeas
922 1854 974 1895 de
1005 1869 1178 1895 munere
1210 1854 1378 1908 Christi,

301 1909 404 1950 Esto
437 1923 598 1950 memor
627 1908 748 1950 Pauli
777 1917 944 1965 tempus
975 1910 1017 1950 in
1048 1925 1170 1951 omne
1202 1910 1276 1951 tui.

245 2001 411 2042 Paulus
441 2016 524 2055 per
554 2001 706 2056 plures
736 2017 874 2044 aomos
904 2003 952 2042 in
992 2002 1188 2043 Francia
1227 2003 1384 2057 (leyens
1423 2003 1618 2044 diversas

134 2059 226 2112 ejus
256 2059 452 2112 regiones
480 2058 687 2109 visitavit,
724 2073 823 2099 mooe
852 2073 1005 2113 7090711,
1038 2064 1083 2098 ut
1114 2059 1293 2112 opinari
1319 2057 1403 2112 fas
1433 2064 1512 2110 est,
1555 2073 1617 2099 co-

132 2113 329 2164 mitatus,
373 2127 471 2154 771033
510 2112 707 2167 fortasse
751 2113 983 2155 celebriora
1027 2115 1097 2154 sui
1143 2114 1312 2155 ordinis
1356 2115 1618 2155 monasteria

134 2169 360 2209 ‘orationis
390 2170 538 2209 causa’
569 2169 734 2209 adiens.
797 2169 1036 2210 Tleeoclonis
1066 2168 1239 2209 villaml
1277 2171 1412 2221 venit,
1449 2169 1619 2210 Pictavi

136 2223 188 2262 ab
219 2223 339 2277 Apro
371 2223 416 2264 S.
443 2222 612 2265 Hilarii
643 2224 790 2265 abbate
822 2227 1020 2280 *royatus
1051 2225 1316 2266 celeberrimo
1341 2232 1495 2279 poetae
1515 2225 1642 2265 For-⁸
1664 2243 1678 2260 ›-
1702 2235 1710 2249 ³

132 2284 283 2318 tanate
325 2280 595 2332 epitaphium
634 2282 920 2334 composuit²;
966 2281 1093 2321 etiam
1129 2281 1177 2320 ‘in
1217 2280 1405 2321 boreales
1446 2279 1618 2321 Galliae

128 2339 279 2387 partes
311 2333 534 2387 profectus
574 2349 661 2375 esse
690 2336 913 2387 videram-⁸,
958 2337 1033 2376 viae
1072 2342 1211 2376 tamen
1241 2336 1440 2377 Rhenum
1478 2343 1617 2377 trans-

136 2402 322 2443 97083118.

245 2443 344 2484 Post
376 2443 539 2497 aliquot
562 2459 701 2486 minos
721 2459 818 2486 vero
840 2447 887 2486 in
911 2447 1111 2499 patriam
1134 2446 1284 2498 recliit,·
1319 2447 1364 2487 icl
1386 2446 1500 2501 quocl
1522 2461 1617 2501 7090

127 2500 396 2553 permittente
412 2500 585 2553 factum
611 2501 676 2551 sit,
708 2506 880 2554 oportet,
912 2516 1006 2541 cum
1030 2501 1213 2541 Paulam
1236 2503 1391 2543 intima
1408 2501 1615 2555 familia-

129 2617 169 2647 p.
190 2605 282 2644 397,-
309 2606 402 2639 Ληη.
432 2605 483 2645 ΙΙ,
506 2618 546 2647 p.
570 2606 658 2644 284;
686 2606 740 2639 De
766 2618 802 2639 re
829 2606 916 2648 dipl.
946 2618 986 2648 2).
1008 2608 1089 2639 360.
1144 2608 1300 2641 Coclz'cem
1328 2619 1359 2640 a.
1392 2608 1494 2639 1791.
1512 2607 1616 2649 furto

135 2665 206 2687 esse
239 2655 404 2695 ablatum,
443 2655 479 2686 V.
509 2654 557 2687 Ol.
587 2654 717 2688 Delisle
744 2655 880 2688 retulit:
907 2667 938 2687 r.
966 2655 1011 2688 N.
1031 2655 1136 2689 Arclc.
1165 2656 1194 2696 I,
1216 2669 1256 2699 J).
1278 2656 1359 2688 607.
1463 2657 1496 2693 1)
1523 2655 1616 2688 Hist.

136 2701 250 2745 Lan-9.
271 2703 300 2741 I,
322 2704 355 2735 5.
482 2704 516 2740 ΕΞ)
545 2703 638 2736 Hise.
666 2703 778 2747 Laws).
808 2704 860 2744 ΙΙ,
883 2705 936 2736 13.
1087 2703 1124 2745 3)
1161 2704 1197 2737 Γ.
1232 2716 1341 2747 supra
1369 2704 1544 2746 epistolam
1571 2704 1617 2736 (ul

135 2749 396 2785 Aclallzarclam.
