1852 3141
272 156 417 189 PAULI
444 154 671 188 HISTORIA
700 153 1142 187 LANGOBARDORUM.
1194 153 1286 185 LIB.
1316 154 1345 186 Ι.
1503 154 1548 184 49

282 265 610 308 INCIPIVNTa
643 265 937 308 CAPITVLA
969 264 1126 305 LIBRI
1156 263 1333 305 PRIMI.

101 361 136 400 1.
194 358 261 399 De
303 357 549 409 Germania,
594 357 707 413 quod.
742 356 881 412 plures
925 357 1084 397 nutriat
1128 354 1328 411 populos,
1368 354 1546 410 ideoque

196 429 250 455 ex
284 427 333 454 ea
367 413 520 455 multae
563 420 708 468 gentes
753 412 1031 468 egrediantur.

68 520 98 553 a)
121 521 157 545 In
190 522 313 546 nomine
348 522 470 546 Domini
504 521 655 552 incipiunt
689 520 823 552 capitula
855 521 891 545 de
933 520 1061 544 historia
1093 519 1363 550 Langobardorum
1395 518 1420 543 A
1443 519 1468 543 2.
1512 518 1548 542 Ι11

68 560 179 586 Christi
202 561 325 585 nomine
348 561 498 592 incipiunt
520 560 652 592 capitula
675 560 744 584 libri
765 559 869 593 istorie
884 559 1154 588 Langobardorum
1170 559 1195 583 A
1218 557 1259 583 ⁸3.
1292 558 1448 589 Incipiunt
1470 558 1550 588 capi-

67 599 132 624 tula
174 599 244 623 libri
283 600 372 631 primi
403 600 548 624 historiae
584 598 858 629 Langobardorum
898 597 924 621 A
954 598 979 622 3.
1005 598 1047 622 30.
1120 598 1273 628 Incipiunt
1315 597 1449 628 capitula
1478 596 1549 620 libri

67 638 157 669 primi
178 639 210 662 in
232 638 358 663 historia
379 638 653 669 Longobardorum
686 638 711 661 A
733 638 759 662 5.
812 637 848 660 Iu
881 643 908 660 n.
942 644 964 661 s.
997 637 1141 661 trinitatis
1170 637 1228 660 inc.
1259 643 1322 667 cap.
1356 636 1428 660 libri
1459 636 1549 666 primi

68 678 99 701 in
121 677 277 702 historiam
299 677 567 707 Longobardorum
591 677 615 701 A
639 677 666 701 6.
729 676 763 700 ln
793 675 915 700 nomine
939 675 1036 699 Patris
1068 677 1095 699 et
1128 675 1200 699 Filii
1233 678 1262 698 et
1292 674 1421 705 Spiritus
1451 675 1549 699 sancti

68 716 220 747 incipiunt
243 717 377 748 capitula
399 716 469 740 libri
490 716 580 746 primi
610 715 753 739 historiae
782 714 1052 744 Longobardorum
1084 714 1110 738 D
1134 714 1161 738 3.
1230 713 1386 744 Incipiunt
1415 713 1550 744 capitula

67 754 137 778 libri
169 755 258 786 primi
290 755 436 779 historiae
468 755 565 785 gentis
596 753 866 784 Langobardorum
901 753 1029 783 plerique
1056 753 1093 779 D.
1155 753 1218 776 Inc.
1259 759 1324 783 cap.
1355 752 1386 776 in
1422 752 1549 776 historia

68 793 205 824 Langob.
228 795 252 818 Ε
276 795 301 825 1,
323 794 373 818 ubi
393 793 556 817 abbreviata
578 796 654 817 sunt.
706 792 863 823 Incipiunt
892 792 1027 822 capitula
1060 793 1091 816 in
1119 791 1246 816 historia
1274 790 1549 821 Longobardorum

67 832 95 856 H
116 833 145 857 4.
171 847 204 851 —-
228 833 314 856 Index
334 839 394 856 cum
412 832 514 863 primis
534 831 619 862 foliis
640 831 738 855 excidit
769 832 798 855 in
830 831 854 855 A
881 832 904 855 1.
929 830 950 855 C
975 832 998 855 1.
1023 831 1037 855 1
1069 833 1081 855 l
1106 834 1129 854 et
1158 830 1243 860 «His,-
1273 830 1411 853 omittitur·
1433 830 1548 853 omnino

66 871 96 895 z'n
118 870 144 895 A
167 870 204 896 ’2.
235 872 258 895 Β
283 872 309 903 1,
337 871 386 895 ubi
415 874 584 901 armamenta
613 870 696 901 capit.
728 870 831 895 1—24.
862 870 1022 900 praemissa
1052 872 1127 898 sunt,
1150 870 1174 894 B
1198 870 1244 894 2a.
1268 870 1291 893 Ε
1314 869 1340 892 4.
1364 868 1387 892 F
1413 870 1436 893 1.
1462 868 1488 893 G
1512 868 1551 896 ·5.

67 912 113 936 5a.
138 911 150 934 I
174 911 200 936 2.
221 910 249 934 K
263 911 286 934 1.
303 923 335 928 —
359 909 482 933 Prorsus
504 910 643 933 diversum
665 909 744 935 codd.
768 908 794 934 G
811 910 835 933 1.
852 909 876 934 2.
892 909 907 933 3
932 908 1022 941 (cnjus
1040 910 1136 939 prima
1154 908 1263 939 payz'ncz
1278 908 1336 938 jam
1359 908 1411 938 {effi
1432 907 1550 939 nequit).

66 950 92 975 4.
116 950 142 975 5.
164 949 177 973 Ι
192 950 227 973 la
249 949 287 972 ita
310 948 450 972 exhibent.-
474 949 500 972 1.
524 948 570 973 De
593 948 825 979 septentrionali
847 948 948 978 plaga,
971 948 1050 978 quod
1074 948 1159 980 (deest
1175 948 1200 972 G
1216 946 1244 977 4)
1268 947 1406 978 quamvis
1429 946 1550 976 singula.

66 989 134 1012 loca
164 987 248 1017 (deese
271 987 297 1012 G
318 986 347 1018 4)
372 987 503 1018 propriis
534 989 751 1018 nuncupentur
778 987 962 1017 nominibus,
993 987 1130 1017 generali
1163 989 1265 1010 tamen
1297 985 1445 1010 vocabulo
1478 986 1549 1010 Ger-

66 1027 168 1051 mania
189 1027 346 1051 vocitetur.
391 1027 415 1052 2.
438 1026 556 1050 Divisio
582 1026 773 1051 Winoloruin
797 1026 1011 1059 (Huinolorum
1027 1026 1053 1051 G
1075 1027 1103 1057 4)
1128 1026 1159 1050 in
1181 1025 1277 1049 tribus
1300 1025 1436 1056 partibus
1460 1024 1548 1049 facta.

66 1066 92 1090 3.
114 1065 161 1090 De
183 1072 217 1090 eo
251 1065 331 1096 quod
363 1065 454 1090 tertia
483 1072 553 1096 pars
585 1066 691 1096 populi
723 1065 793 1089 Ibor
825 1067 853 1090 et
888 1064 1018 1089 Aionem
1050 1071 1142 1096 super
1174 1071 1205 1089 se
1228 1064 1415 1088 ordinaverit
1447 1063 1548 1089 duces.

65 1104 93 1130 4.
117 1104 163 1129 De
192 1107 309 1135 septem
338 1104 410 1128 viris
443 1104 664 1129 dormientibus
698 1104 729 1128 in
751 1104 858 1129 eadem
890 1103 1076 1129 Germaniae
1105 1104 1229 1135 regione
1259 1102 1304 1135 (in
1328 1102 1429 1128 Germ.
1452 1103 1465 1127 1
1490 1101 1549 1134 la).

65 1143 92 1168 5.
115 1142 161 1168 De
184 1142 395 1174 Scriptowinis
419 1142 643 1176 (Seriptofinnis
667 1142 692 1167 G
718 1142 744 1174 1)
776 1145 864 1174 gente
888 1142 974 1176 (gens
997 1142 1023 1167 G
1045 1142 1085 1174 4),
1109 1149 1186 1173 quae
1216 1142 1315 1167 crudis
1346 1141 1487 1166 carnibus
1510 1142 1551 1165 vi-

64 1185 139 1207 vunt
161 1182 249 1216 <vivit
268 1183 283 1207 I
308 1181 365 1214 la),
388 1182 496 1213 quibus
519 1183 611 1207 etiam
633 1182 665 1206 in
687 1182 761 1207 locis
783 1189 838 1213 per
867 1182 983 1213 aliquot
1005 1182 1069 1207 dies
1098 1182 1232 1206 noctium
1263 1182 1366 1213 (noctu
1389 1181 1401 1205 I
1426 1180 1472 1210 la)
1497 1180 1549 1205 lux

64 1221 233 1246 clarissima
254 1221 396 1246 cernitur.
439 1222 465 1246 6.
486 1221 532 1246 De
554 1221 700 1252 voragine
729 1221 836 1246 oceani
865 1221 957 1245 maris
980 1224 1008 1246 et
1038 1221 1075 1246 de
1100 1221 1164 1245 viro
1199 1227 1288 1251 quein
1318 1220 1480 1244 umbilicus
1504 1220 1552 1244 ab-

63 1260 188 1285 sorbuit.
232 1260 258 1286 7.
281 1261 327 1285 De
350 1266 474 1290 egressu
502 1260 685 1285 Winilorum
707 1266 723 1284 a
750 1259 970 1292 Scandanavia,
1000 1262 1029 1285 et
1049 1266 1103 1291 pro
1131 1259 1252 1284 tributis
1274 1259 1491 1284 Wandalorum
1514 1259 1553 1283 le-

64 1299 141 1330 gatis
163 1299 201 1324 ad
230 1306 281 1324 eos
304 1299 411 1326 missis,
460 1299 486 1324 8.
510 1299 556 1323 De
585 1306 620 1324 eo
653 1299 734 1330 quod
756 1299 899 1324 Wandali
922 1298 1031 1324 Godan
1058 1299 1237 1329 sortilogum
1267 1298 1426 1322 victoriam
1450 1299 1550 1328 postu-

67 1339 180 1363 lassent
201 1337 406 1371 (postulabant
429 1337 455 1363 G
477 1336 517 1369 4).
560 1338 585 1362 9.
609 1337 696 1367 Quod
707 1338 902 1369 Langobardi
916 1338 952 1362 ab
975 1338 1107 1363 intactae
1126 1337 1252 1370 (intacto
1276 1336 1302 1362 G
1318 1338 1344 1361 4.
1369 1337 1383 1361 Ι
1400 1336 1445 1366 la)
1469 1336 1550 1360 ferro

64 1377 177 1401 barbae
198 1377 390 1407 longitudine
411 1377 472 1401 sint
502 1377 584 1409 (sunt
606 1376 632 1402 G
655 1377 682 1402 4.
706 1377 720 1401 1
744 1376 789 1409 la)
820 1377 973 1408 appellati.
1018 1377 1062 1402 10.
1085 1377 1204 1401 Bellum
1227 1376 1410 1400 winilorum
1434 1375 1551 1408 (iVino¹

63 1416 161 1440 lorum
184 1415 211 1440 G
232 1415 261 1447 4)
284 1422 352 1440 eum
381 1415 550 1441 Wandalis.
594 1416 638 1441 11.
662 1416 720 1440 Ubi
742 1415 880 1447 Assipitti
903 1415 1042 1448 (Assipiti
1064 1414 1090 1440 G
1112 1415 1140 1448 4)
1162 1422 1267 1439 eorum
1296 1416 1352 1439 iter
1380 1414 1550 1445 inpediunt.

67 1454 110 1478 12.
135 1455 181 1478 De
203 1454 350 1484 singulari
372 1455 536 1479 certamine
565 1456 594 1478 et
621 1454 760 1479 libertate
789 1455 968 1479 transeundi
990 1454 1260 1485 Langobardorum
1291 1460 1346 1485 per
1374 1453 1449 1478 fines
1472 1452 1552 1477 Assi-

66 1493 222 1524 pittorum.
266 1493 312 1518 13.
336 1493 382 1518 De
397 1493 537 1518 libertate
559 1499 715 1518 servorum
738 1494 817 1518 etin
839 1494 947 1524 quibus
969 1496 1076 1524 postea
1097 1493 1301 1518 habitaverint
1324 1492 1549 1525 (habitaverunt

66 1531 93 1556 G
114 1531 143 1563 4)
167 1532 252 1557 locis.
296 1532 339 1558 14.
362 1533 488 1557 Mortuis
511 1532 637 1557 ducibus
667 1532 738 1557 Ibor
767 1535 796 1557 et
818 1532 937 1563 Agione
971 1532 1081 1565 (Aione
1111 1532 1137 1558 G
1160 1531 1200 1563 4).
1230 1532 1361 1563 primuni
1393 1532 1438 1556 eis
1460 1530 1550 1561 Agel-

65 1571 168 1602 mund,
190 1570 317 1601 Agionis
346 1571 435 1603 filius,
467 1573 582 1601 regnat.
632 1571 675 1596 15.
698 1571 744 1596 De
767 1572 897 1602 quadam
930 1572 1089 1596 meretrice
1118 1578 1179 1596 uno
1209 1574 1299 1602 partu
1321 1572 1436 1601 septem
1459 1570 1550 1595 enixa

65 1610 208 1641 puerulos
231 1612 260 1635 et
281 1610 312 1634 in
334 1610 484 1641 piscinam
506 1611 666 1641 proiectos,
689 1617 726 1635 ex
741 1611 848 1641 quibus
870 1617 924 1635 rex
946 1617 1039 1634 unum
1061 1611 1157 1636 levari
1170 1610 1327 1641 praecepit
1348 1612 1377 1634 et
1399 1609 1549 1633 Lamissio

65 1654 177 1673 nomen
198 1649 352 1680 imposuit,
375 1649 426 1679 qui
447 1651 553 1680 postea
575 1656 642 1673 cum
663 1648 888 1674 Amazonarum
918 1649 1082 1673 fortissima
1104 1650 1135 1674 in
1157 1649 1250 1673 fluvio
1274 1651 1378 1672 natatu
1402 1648 1547 1672 conflixit.

67 1687 109 1713 16.
133 1687 179 1712 De
202 1694 237 1712 eo
261 1688 330 1720 (hoc
353 1687 379 1712 G
403 1689 434 1719 13
458 1688 505 1713 De
535 1695 571 1712 eo
593 1688 650 1713 des,
674 1688 688 1712 I
712 1686 758 1719 la)
789 1688 869 1718 quod
891 1688 989 1712 subito
1013 1695 1105 1719 super
1137 1695 1188 1713 eos
1211 1688 1358 1717 Vulgares
1381 1687 1549 1717 inruentes,

65 1732 167 1756 regem
188 1733 292 1752 eorum
314 1725 487 1756 Agelmund
510 1727 695 1752 occiderunt.
740 1727 855 1752 17.Hie
877 1727 1028 1751 secundus
1043 1727 1253 1757 Langobardis
1269 1726 1418 1750 Lamissio
1442 1728 1549 1756 regnat

65 1767 94 1791 et
115 1765 282 1796 Vulgarum
303 1767 423 1796 gentem
452 1766 610 1796 inpugnat,
656 1767 700 1791 18.
724 1766 790 1790 Hoc
812 1772 932 1797 quoque
954 1765 1108 1797 defuncto,
1130 1766 1236 1797 Lethu,
1260 1766 1370 1790 dehinc
1392 1764 1549 1794 Hildeboc,

67 1807 96 1830 et
116 1807 184 1836 post
214 1804 294 1829 hunc
326 1805 447 1835 quintus
471 1804 599 1829 Gutleon
633 1811 760 1835 regnum
793 1805 936 1836 suscepit.
981 1805 1026 1830 19.
1049 1805 1171 1830 Bellum
1204 1805 1283 1828 inter
1315 1804 1462 1835 Odoacar,
1498 1804 1550 1833 qui

67 1844 146 1868 intra
166 1844 288 1868 Italiam
321 1843 476 1874 regnabat,
499 1846 529 1868 et
556 1843 735 1868 Feletheum
764 1843 917 1874 Rugorum
948 1850 1061 1874 regem.
1104 1843 1268 1876 (Sequentia
1296 1849 1385 1874 usque
1406 1843 1444 1866 ad
1465 1842 1550 1866 verba

66 1883 89 1915 Ι,
114 1883 147 1908 6:
169 1882 293 1907 fuerunt
313 1882 511 1907 morientibus
533 1883 632 1907 desum
663 1882 689 1908 G
714 1885 737 1915 l,
769 1886 894 1914 quatuor·
914 1883 1000 1913 foliis
1029 1882 1150 1915 rescisis).
1194 1883 1239 1907 20.
1263 1883 1320 1907 Hie
1349 1888 1428 1906 mors
1451 1881 1550 1906 Gudei

66 1923 96 1947 et
117 1921 263 1953 masonis,
285 1924 315 1946 et
335 1921 448 1946 bellum
471 1921 550 1946 inter
568 1922 716 1946 'ratonem
737 1924 766 1946 et
787 1921 952 1946 Rodulfum
975 1929 1077 1952 regem
1089 1922 1281 1947 Herulorum.
1326 1922 1372 1946 21.
1396 1921 1441 1945 De
1463 1921 1552 1945 inter-

66 1961 199 1986 fectione
221 1961 354 1992 'I‘atonis⁷
388 1962 416 1985 et
445 1960 525 1991 quod
546 1961 659 1985 Wacho
683 1960 853 1993 (Humacho
878 1960 904 1985 G
927 1960 955 1992 3)
979 1961 1095 1986 Suavos
1124 1968 1178 1985 suo
1208 1961 1343 1985 dominio
1367 1960 1550 1990 subiugavit.

67 2000 113 2024 22.
138 1999 199 2033 (hoc
228 2000 287 2024 loco
309 1999 406 2030 incipit
429 1999 455 2024 G
478 2000 503 2031 2⁷
523 2000 617 2030 primo
632 1999 708 2030 folio
730 1998 846 2032 amisso)
870 2000 949 2024 Hinc
972 2000 1041 2033 (Hie
1064 2000 1130 2026 G3.
1154 2001 1198 2026 50.
1223 2000 1236 2024 Ι
1252 1999 1297 2029 la)
1320 1999 1448 2024 WValtari
1471 1998 1549 2029 (VH.

67 2039 194 2063 Waitari
217 2038 242 2064 G
265 2037 321 2070 50),
354 2041 421 2070 post
450 2045 539 2069 quem
572 2045 670 2063 nonus
702 2038 825 2063 Auduin
859 2038 1004 2072 (Oduuini
1039 2039 1064 2064 G
1088 2042 1120 2070 23
1153 2039 1290 2064 Otwinus
1325 2039 1338 2062 1
1362 2037 1408 2068 la)
1443 2040 1551 2067 regnat

65 2076 173 2109 (filium
203 2078 282 2108 regis
305 2077 415 2102 occidit
428 2077 492 2102 add.
509 2078 535 2102 G
547 2076 605 2109 5c).
647 2078 694 2102 23.
716 2078 774 2102 Hie
796 2077 910 2110 (Aduin
925 2077 1010 2109 G5e)
1035 2079 1148 2103 Albuin
1173 2077 1321 2110 (Albuuin
1339 2077 1364 2102 G
1379 2078 1393 2102 2
1416 2075 1547 2108 semper),

66 2116 146 2141 filius
168 2117 247 2147 regis
270 2116 391 2141 Autluin
416 2116 563 2149 (Oduuini
586 2116 612 2142 G
636 2117 660 2141 2.
683 2117 696 2141 I
720 2116 778 2149 la),
801 2117 1024 2149 Turismodum‚
1048 2117 1203 2142 Turisindi
1228 2116 1332 2149 (Thur.
1356 2115 1382 2141 G
1406 2114 1434 2147 2)
1460 2115 1548 2140 Gebi—

67 2155 172 2180 dorum
192 2155 382 2188 (Gebitorum
406 2155 432 2180 G
455 2154 483 2186 3)
508 2156 586 2186 regis
608 2155 713 2187 filium,
735 2156 855 2180 occidit.
899 2156 944 2180 24.
966 2156 1012 2180 De
1037 2163 1072 2181 eo
1096 2156 1176 2187 quod
1199 2155 1315 2180 Albuin
1337 2161 1391 2186 pro
1414 2154 1549 2186 petenda

66 2200 150 2219 arma
171 2194 208 2219 ad
228 2194 444 2219 Thurisindum
467 2200 569 2224 regem
591 2194 744 2225 profectus
767 2198 820 2220 est.
864 2195 967 2220 25.De
990 2196 1158 2220 Iustiniano
1183 2195 1330 2227 (Iustiano
1355 2193 1380 2219 G
1401 2193 1431 2224 2)
1457 2194 1550 2224 impe-

67 2235 175 2265 ratore,
198 2233 249 2264 qui
270 2236 300 2257 et
320 2233 402 2259 bella
424 2240 568 2264 prospere
599 2240 654 2264 per
675 2234 849 2258 Bilisarium
880 2234 971 2264 gessit
1003 2237 1033 2259 et
1056 2235 1087 2259 in
1114 2234 1196 2267 (deest
1220 2233 1247 2259 G
1270 2232 1298 2264 3)
1323 2233 1422 2257 causis
1446 2232 1550 2265 (clusis

69 2271 94 2296 G
119 2272 144 2296 3.
167 2270 196 2303 4)
220 2272 361 2296 civilibus
383 2272 528 2296 mirificus
551 2272 668 2303 extitit;
700 2273 788 2297 huius
820 2273 1006 2304 temporibus
1030 2274 1226 2298 Cassiodorus
1256 2272 1378 2296 divinae
1401 2272 1548 2296 scientiae

67 2310 185 2342 claruit,
207 2312 237 2334 et
259 2310 431 2335 Priscianus
461 2311 678 2341 grammaticae
700 2311 770 2336 artis
799 2311 951 2343 profunda
980 2313 1104 2337 rimatus
1128 2314 1181 2337 est.
1225 2312 1270 2336 26.
1295 2311 1339 2335 De
1368 2314 1473 2335 sancto
1496 2311 1550 2335 Be-

67 2349 188 2374 neslicto
213 2348 253 2379 (et
276 2349 340 2374 eius
370 2350 524 2374 miraculis
546 2354 575 2374 et
605 2350 744 2375 laudibus
774 2350 839 2375 eius
868 2351 933 2374 add.
956 2351 970 2375 l
996 2350 1052 2382 la).
1096 2351 1141 2377 27.
1164 2351 1210 2376 De
1240 2356 1333 2380 regno
1364 2349 1499 2380 Albuini,
1523 2352 1551 2373 et

68 2388 148 2419 quod
179 2394 246 2412 cum
276 2387 383 2412 Avaris
414 2387 574 2420 (Ax-eribus
608 2388 634 2413 G
657 2390 692 2419 23
723 2390 836 2414 Avares
860 2389 886 2414 G
909 2390 936 2420 3)
972 2390 1076 2414 foedus
1106 2392 1285 2421 perpetuum
1313 2389 1426 2420 inierit,
1463 2391 1491 2412 et
1514 2387 1550 2412 de

70 2425 282 2452 interfectione
305 2426 489 2451 Cunimundi
511 2427 591 2457 regis
615 2426 801 2458 Gepidorum
825 2428 983 2459 capiteque
1006 2429 1088 2453 illius
1111 2429 1213 2453 ablato
1237 2431 1266 2453 et
1289 2434 1326 2452 ex
1349 2434 1383 2452 eo
1408 2426 1549 2458 poculum

69 2464 156 2499 (corr.
179 2465 287 2497 poculo
311 2464 337 2490 G
359 2465 388 2498 4)
410 2466 497 2490 facto.
520 2478 554 2483 —
579 2466 601 2490 F
626 2467 660 2490 la
689 2469 854 2497 aryumenta
884 2467 924 2491 ita
946 2467 977 2491 ‹Ie
998 2474 1050 2491 suo
1071 2467 1224 2498 supplevit:
1264 2467 1289 2491 1.
1313 2467 1358 2491 De
1391 2468 1500 2490 naun-a
1522 2466 1552 2489 et

69 2504 127 2529 situ
149 2505 394 2535 septentrionalis
423 2505 511 2535 plage
543 2503 714 2535 Germanic,
746 2507 774 2529 et
803 2505 882 2536 quod
905 2512 942 2530 ex
965 2512 999 2530 ca
1023 2506 1114 2530 Gothi
1144 2505 1287 2530 &Vandali
1318 2504 1425 2529 Heruli
1447 2504 1549 2527 'Furci-

68 2543 142 2574 lingi
164 2549 281 2568 necnon
304 2546 333 2567 et
353 2543 413 2568 alie
436 2543 552 2568 feroces
576 2546 604 2568 et
635 2543 783 2569 barbarae
805 2546 909 2573 gentes
939 2544 1125 2574 prodierunt.
1168 2545 1194 2570 2.
1217 2544 1288 2568 Pari
1320 2543 1409 2568 modo
1440 2545 1468 2567 et
1490 2542 1552 2566 Wi-

67 2582 207 2613 unorum,
230 2582 285 2606 hoc
308 2585 351 2607 cst
373 2582 653 2614 Longobardorum,
684 2589 767 2613 gens,
797 2589 873 2613 quae
895 2583 926 2606 in
950 2583 1038 2608 Italia
1061 2583 1208 2614 regnavit,
1241 2589 1258 2607 a
1281 2582 1449 2607 Germania
1470 2584 1550 2606 sorte

68 2622 152 2646 exiit.
195 2621 220 2646 3.
245 2621 332 2651 Quod
362 2622 584 2646 constitucrunt
613 2622 685 2645 duos
715 2622 804 2646 (lucos
838 2628 929 2653 super
956 2628 997 2653 sc,
1025 2622 1122 2653 Agiou
1146 2625 1175 2646 ct
1197 2622 1273 2647 Ibor.
1316 2622 1342 2645 4.
1366 2621 1411 2645 De
1433 2623 1550 2651 septem

67 2660 287 2685 dormientibus
319 2661 370 2691 qui
402 2661 442 2685 ibi
474 2661 505 2685 in
538 2661 667 2690 quodam
700 2663 786 2685 antro
818 2661 1019 2691 requiescunt.
1073 2662 1098 2685 5.
1123 2661 1167 2685 De
1199 2660 1397 2686 Sci-itowinis.
1453 2660 1481 2684 6.
1505 2659 1550 2683 De

68 2699 194 2731 caribdi,
216 2703 239 2723 et
261 2702 358 2723 cetera.
396 2714 428 2717 —
460 2700 486 2723 D
512 2697 537 2724 ‘3
563 2700 619 2723 ito:
646 2701 667 2723 l.
691 2700 737 2724 De
761 2699 935 2727 Germania,
959 2699 1037 2730 quod
1060 2700 1169 2724 inultos
1191 2700 1320 2731 populos
1343 2699 1384 2723 ibi
1407 2701 1550 2722 nascatur

68 2740 97 2761 et
119 2738 188 2762 inde
211 2739 304 2763 multo
326 2741 430 2768 gentes
454 2745 573 2769 egresse
587 2742 665 2763 sunt.
709 2739 733 2764 2.
757 2739 801 2764 De
818 2738 1029 2763 Scainlanavia
1051 2739 1162 2770 insula,
1185 2739 1220 2763 de
1243 2746 1303 2769 (11111
1324 2737 1549 2768 Wiunolorum,

68 2776 98 2801 id
120 2779 165 2802 est
186 2777 466 2809 Longobardorum,
490 2784 564 2808 gens
587 2778 670 2802 venit
691 2781 738 2802 etc.
763 2791 795 2796 —
824 2777 911 2801 Porro
934 2777 956 2801 F
981 2778 1005 2801 2.
1030 2776 1067 2803 ’2,
1094 2779 1110 2803 4
1134 2779 1171 2802 ica
1195 2778 1311 2802 liabent:
1339 2779 1365 2803 1.
1388 2776 1538 2805 Prologus

1197 2834 1218 2864 4
