1852 3141
138 1212 184 1247 'p.
210 1215 276 1239 131.

214 1427 274 1463 (39)

291 128 359 159 164
484 125 630 158 PAULI
656 124 886 158 HISTORIA
911 124 1355 159 LANGOBARDORUM.
1407 126 1502 159 LIB.
1529 125 1592 158 IV.

288 238 361 294 qui
390 252 482 278 cam
512 251 588 292 per
616 242 748 277 totam
784 243 952 276 noctem
982 235 1148 276 vicibus
1180 236 1259 277 sibi
1290 236 1562 278 succedentes
1598 235 1772 278 libidine

287 298 505 334 vexarent.
571 289 847 332 Postmodum
888 305 1055 346 quoque
1094 290 1240 345 palum
1283 293 1327 332 in
1362 293 1500 334 medio
1546 298 1773 347 campuma

288 348 467 403 configib
488 347 765 403 praecipiens,
788 346 963 387 eandem
985 348 1028 387 in
1049 347 1137 387 eius
1153 348 1348 388 acumine
1369 349 1496 390 inseri
1516 348 1732 389 mandavit
1744 356 1772 401 ⁰,

287 404 391 446 haec
424 404 598 458 insuper
633 401 929 457 exprobrando
966 402 1182 457 inquiens:
1224 401 1383 444 ‘Talem
1418 411 1458 445 te
1503 404 1676 459 dignum
1712 410 1775 446 est

288 460 487 500 maritum
530 458 710 500 habere’.
768 459 905 514 Igitur
943 457 1034 499 dira
1072 457 1281 513 proditrix
1324 460 1485 514 patriae
1527 459 1600 500 tali
1643 461 1773 501 exitio

287 516 424 572 periit,
466 529 572 571 quae
606 513 788 570 amplius
825 529 927 555 suae
955 513 1122 554 libidini
1159 529 1288 570 quam
1318 514 1475 555 civium
1518 521 1558 556 et
1600 530 1774 557 consan-

288 573 540 627 guineorum
585 570 706 611 saluti
749 570 981 625 prospexit.
1048 569 1180 611 Filiae
1224 584 1324 611 vero
1369 572 1459 612 eius
1503 585 1588 611 non
1630 572 1774 613 matris

288 627 506 670 libidinem
553 632 744 678 secutae,
797 626 870 667 sed
911 626 1114 667 castitatis
1166 626 1338 667 amored
1389 626 1605 667 studentes
1658 642 1711 668 nc
1750 642 1774 667 a

287 683 504 725 barbarise
550 683 955 734 contaminarentur,
1001 681 1227 723 crudorum
1266 681 1476 737 pullorum
1511 696 1656 723 carnes
1695 681 1775 723 sibi

288 740 397 781 inter
427 754 632 780 mammas
663 738 741 779 sub
771 737 901 779 fascia
929 745 1175 793 posuerunt,
1214 738 1346 793 quaef
1376 753 1430 779 ex
1465 737 1601 779 calore
1632 745 1773 793 putre-

288 796 423 837 factae
469 796 640 836 odorem
695 794 900 835 foetidum
953 793 1190 835 exalabant.
1261 793 1454 850 Cumque
1499 808 1569 835 eas
1620 793 1775 835 vellent

289 851 450 892 Avares
489 851 778 905 contingeres,
818 864 904 891 non
940 851 1194 892 sustinentes
1222 849 1438 904 foetorem,
1468 848 1675 905 putabant
1704 864 1774 890 eas

287 906 532 948 natm-aliter
560 907 619 946 ita
647 905 804 946 foetere
816 906 847 958 ὴ,
878 905 1025 961 procul
1059 907 1111 947 ab
1148 906 1207 947 eis
1243 920 1340 946 cum
1369 906 1636 947 execratione
1663 919 1775 946 rece-

289 963 458 1005 dentesi
505 969 631 1018 atque
669 961 867 1013 dicentes,
913 976 1057 1002 omncs
1095 961 1400 1016 Langobardas
1444 961 1623 1002 foetidas
1669 976 1773 1002 esse.

289 1019 410 1060 Hack
449 1019 578 1073 igit-ur
615 1024 702 1058 arte
737 1018 974 1057 Avarorum
1002 1017 1241 1059 libidine1n¹
1278 1016 1441 1073 puellae
1478 1016 1640 1058 nobiles
1681 1031 1774 1058 eva-

289 1075 447 1127 denteS,
493 1081 534 1114 et
577 1074 695 1128 ipsae
741 1080 878 1114 casta-e
924 1081 1111 1114 servatae
1166 1080 1263 1114 sunt
1314 1080 1356 1114 et
1398 1072 1499 1114 utile
1543 1072 1773 1114 servandae

288 1131 505 1181 castitatis,
537 1129 571 1169 si
597 1128 700 1184 quid
719 1128 801 1170 tale
821 1128 986 1169 feminis
1009 1130 1274 1184 contigeritm,
1305 1128 1614 1170 mandaverunt
1635 1143 1775 1169 exem-

289 1186 420 1242 plum.
478 1186 598 1237 Quae
627 1190 775 1239 postea
794 1200 870 1239 per
890 1185 1076 1226 diversas
1096 1185 1289 1240 regiones
1320 1184 1624 1236 *venundatae,
1654 1185 1774 1225 iuxta

289 1241 550 1283 nobilitatem
590 1254 709 1281 suam
753 1240 889 1295 dignis
934 1248 1030 1282 sunt
1072 1241 1233 1295 nuptiis
1278 1241 1434 1295 potitae
1446 1249 1477 1281 ¹¹.
1535 1240 1645 1280 Nam
1690 1254 1775 1281 una

290 1305 459 1339 earum⁰
493 1295 824 1337 Alamannorum
863 1297 965 1351 regi,
1010 1295 1092 1336 alia.
1127 1311 1226 1338 vero
1267 1296 1446 1337 diciturp
1482 1296 1775 1337 Baioariorum

290 1354 469 1409 principi
483 1361 499 1387 ‘³
530 1352 737 1407 nupsisse.

401 1409 550 1464 Exigit
561 1417 613 1437 Μ
642 1422 742 1448 vero
763 1415 902 1448 nuncS
934 1407 1064 1461 locus,
1097 1408 1331 1464 postposita
1352 1406 1556 1462 generalit
1587 1407 1772 1460 historia,

289 1479 427 1521 pauca
457 1466 582 1505 etiam
611 1464 811 1519 privatim
850 1463 901 1505 de
931 1479 1045 1516 mea,
1087 1464 1159 1519 qui
1196 1464 1299 1504 haec
1330 1464 1489 1515 scribo,
1525 1462 1774 1518 genealogia

289 1529 520 1574 retexere¹¹7
552 1528 593 1562 et
623 1520 721 1576 quia
750 1535 816 1561 res
845 1520 903 1560 ita
923 1519 1127 1576 postolatV
1158 1519 1284 1574 paulo
1307 1520 1499 1574 superius
1525 1519 1774 1560 narrationis

291 1578 481 1619 ordinem
509 1575 724 1631 replicare.
784 1576 848 1617 Eo
871 1576 1051 1632 denique
1072 1583 1260 1630 tempore
1292 1590 1374 1631 quo
1395 1575 1774 1629 Langobardorum

289 1642 429 1688 gensw
463 1632 511 1673 [le
531 1633 759 1673 Pannoniis
784 1632 839 1672 ad
859 1631 1023 1672 Italiam
1043 1632 1156 1673 venit
1175 1631 1420 1687 Leupehisx
1448 1645 1566 1671 meus
1587 1629 1777 1671 abavus?

290 1705 345 1731 ex
366 1689 514 1730 eodem
534 1687 942 1743 Langobardorumz
973 1702 1126 1742 genere
1148 1702 1245 1727 cum
1267 1687 1326 1728 eis
1347 1687 1502 1742 pariter
1521 1686 1773 1727 adventavit.

291 1746 375 1798 Qui
415 1750 641 1800 postquam
678 1743 877 1799 aliquoda
911 1758 1044 1785 annos
1081 1744 1125 1783 in
1153 1742 1304 1784 Ita-liab
1343 1742 1470 1794 vixit,
1510 1741 1621 1782 diem
1663 1740 1773 1781 clau-

291 1875 320 1908 a)
343 1877 384 1900 ita.
406 1876 433 1900 A
455 1877 480 1901 1.
505 1876 530 1900 2.
553 1876 581 1901 -1,
603 1875 627 1899 Ε
651 1877 676 1900 l.
700 1876 722 1899 F
747 1875 771 1898 1.
797 1874 823 1899 G
846 1877 870 1899 1.
898 1876 922 1899 2.
945 1876 972 1901 4.
1006 1875 1033 1899 H
1057 1877 1083 1901 1.
1112 1875 1126 1899 Ι
1151 1876 1182 1905 2;
1215 1875 1297 1906 capis
1329 1882 1404 1899 corr.
1438 1875 1535 1905 campi
1559 1874 1585 1899 G
1607 1876 1639 1906 33
1672 1876 1772 1906 campi

290 1916 317 1940 A
340 1916 372 1946 ὃς
394 1915 529 1939 medium
561 1921 699 1945 campum
721 1914 749 1938 H
773 1914 825 1943 δας
859 1920 964 1945 campo
986 1914 1011 1938 A
1037 1914 1062 1939 5.
1087 1915 1113 1939 6.
1136 1915 1171 1941 B.
1195 1914 1227 1940 C.
1249 1915 1287 1939 D.
1308 1914 1331 1938 P
1353 1914 1378 1939 4.
1403 1914 1428 1938 5.
1451 1914 1465 1937 I
1488 1915 1513 1938 1.
1606 1913 1636 1946 b)
1661 1914 1773 1939 confixi

291 1955 317 1979 A
332 1956 363 1985 13
386 1953 515 1984 confrigi
538 1952 559 1978 C
574 1955 606 1983 1;
628 1953 680 1983 figi
702 1953 765 1977 F4.
847 1952 873 1984 0)
897 1961 935 1978 m.
960 1953 1064 1978 dicens
1086 1954 1108 1978 B
1124 1955 1150 1978 1.
1233 1952 1262 1985 d)
1287 1953 1383 1977 amori
1404 1953 1472 1978 A3.
1493 1953 1516 1977 B
1531 1954 1578 1978 la.
1603 1954 1624 1978 C
1639 1954 1769 1978 4b.H1.

292 1992 320 2024 e)
344 1994 379 2017 ab
401 1992 511 2018 Avaris
535 1992 615 2017 OD.
640 1992 701 2017 F4.
724 1992 738 2016 I
757 1992 786 2023 ἒς
809 1992 845 2016 ab
867 1992 982 2017 Avares
1003 1994 1026 2017 B
1041 1993 1066 2018 1.
1083 1993 1115 2023 ’ἐς
1138 1992 1174 2016 ab
1196 1991 1347 2017 Avaribus
1369 1993 1393 2016 B
1410 1994 1460 2022 1:23
1482 2000 1520 2017 ne
1542 1992 1693 2017 Avaribus
1716 1992 1730 2016 I
1744 1994 1770 2017 1.

291 2032 314 2065 f>
337 2033 386 2063 qui
410 2032 436 2056 A
459 2032 484 2056 2.
568 2031 597 2064 g)
621 2032 810 2061 contingeret
830 2031 854 2055 F
879 2033 902 2055 1.
982 2032 1012 2061 h)
1037 2032 1137 2056 facere
1158 2032 1185 2056 A
1210 2032 1233 2056 2.
1257 2032 1280 2056 B
1306 2032 1330 2056 2.
1356 2030 1377 2055 C
1392 2033 1423 2062 13
1445 2031 1542 2057 fetere
1564 2039 1576 2056 e
1597 2039 1671 2056 corr.
1695 2032 1722 2056 D
1737 2033 1771 2062 13

290 2072 408 2096 foetare
432 2070 457 2095 G
481 2072 505 2094 1.
531 2072 555 2095 2.
648 2069 670 2102 1)
693 2070 875 2095 recedebant
903 2071 1038 2095 dicentes
1064 2071 1091 2095 D
1116 2071 1143 2095 2.
1166 2071 1193 2095 3.
1282 2070 1313 2101 k)
1337 2071 1400 2105 Hee
1421 2070 1447 2094 A
1471 2072 1496 2096 2.
1597 2071 1618 2101 l)
1642 2071 1772 2096 libidine

290 2111 317 2135 A
340 2111 366 2135 3.
389 2111 412 2134 F
437 2111 462 2135 1.
497 2108 522 2134 G
545 2110 630 2134 1-3.
733 2110 773 2140 m)
798 2110 981 2140 contingerit
1012 2110 1037 2134 A
1060 2109 1100 2134 “2.
1126 2111 1152 2134 2.
1177 2110 1203 2134 3.
1226 2110 1253 2134 4.
1275 2110 1298 2134 F
1322 2111 1348 2135 1.
1374 2110 1399 2135 G
1422 2112 1448 2134 1.
1471 2110 1505 2140 43
1536 2111 1673 2139 congerit
1693 2117 1768 2135 corr.

291 2149 475 2180 contingerit
497 2148 523 2173 G
545 2149 571 2174 3.
634 2147 664 2180 n)
688 2149 835 2180 petitaeB
850 2151 935 2174 1.1a.
961 2151 992 2180 :23
1014 2149 1167 2180 positaec
1181 2148 1220 2181 ·1,
1243 2156 1316 2173 corr.
1339 2150 1453 2180 potitae
1475 2149 1501 2173 D
1516 2151 1547 2179 13
1569 2150 1682 2180 possite
1707 2149 1728 2174 C
1743 2151 1770 2175 l.

293 2189 321 2221 o)
344 2190 415 2213 deest
438 2188 464 2212 A
486 2188 511 2212 3.
603 2187 633 2220 p)
656 2188 728 2212 deest
749 2188 776 2213 A
797 2189 822 2214 3.
848 2188 873 2213 G
896 2189 922 2213 2.
1013 2188 1042 2219 q)
1067 2196 1095 2220 p,
1119 2189 1200 2218 regis
1222 2196 1252 2215 n.
1275 2189 1299 2212 B
1325 2190 1352 2213 1.
1435 2186 1459 2220 r)
1480 2195 1583 2212 novum
1613 2196 1676 2219 cap.
1700 2189 1769 2212 inci-

287 2229 373 2260 pimzt
395 2227 421 2252 A
444 2229 469 2252 1.
494 2227 520 2252 2.
544 2226 571 2251 5.
595 2227 627 2253 C.
649 2227 687 2251 D.
709 2228 744 2252 E.
766 2227 797 2253 F.
819 2228 847 2252 H
871 2229 896 2253 1,
918 2227 958 2258 L3
983 2227 1058 2259 qnod
1079 2231 1179 2252 contra
1200 2228 1318 2252 indicem
1332 2227 1444 2258 samum
1466 2235 1523 2251 esse
1545 2231 1680 2258 apparet3
1704 2227 1729 2252 A
1753 2229 1767 2252 1

290 2274 422 2292 ‘numeros
443 2266 630 2298 conturbaris,
653 2273 716 2297 cap.
744 2267 916 2297 praecedens
937 2270 1067 2298 XXXVII,
1090 2267 1139 2291 hoc
1160 2270 1317 2299 XXXVIIII,
1338 2267 1484 2298 sequentia
1505 2270 1649 2295 XXXVIII,
1665 2269 1769 2296 XXXX,

291 2310 408 2338 XXXXI,
430 2306 530 2329 iterum
551 2309 668 2330 XXXXI.
691 2309 738 2330 etc.
761 2307 889 2337 signans.
932 2306 968 2330 In
991 2305 1017 2330 G
1042 2307 1051 2329 1
1078 2306 1135 2330 alia
1168 2313 1270 2330 manus
1300 2314 1404 2330 coaeva
1425 2306 1468 2330 hic
1489 2310 1512 2330 ct
1545 2306 1573 2329 in
1588 2305 1648 2336 fine
1669 2305 1771 2337 capitis

291 2351 396 2368 crucem
414 2345 521 2376 posuit,
544 2345 589 2368 cui
610 2345 776 2376 adscripsit.-
808 2346 854 2370 De
877 2346 936 2369 ista
958 2351 1046 2369 cruce
1068 2346 1100 2369 iu
1133 2347 1223 2370 autea
1244 2352 1340 2376 usque
1362 2346 1400 2370 ad
1432 2346 1493 2369 alia
1515 2345 1635 2374 require
1657 2344 1693 2369 de
1715 2345 1768 2369 ille

292 2390 359 2408 omo
383 2385 434 2414 qui
455 2385 535 2408 hunc
557 2384 668 2408 librum
691 2384 769 2410 fecit.
871 2384 895 2416 s)
918 2385 1010 2409 nunie
1033 2383 1060 2408 A
1083 2385 1107 2408 2.
1209 2383 1231 2416 t)
1255 2385 1455 2414 generalitate
1476 2383 1619 2408 historiae
1643 2383 1669 2408 G
1691 2384 1718 2409 3.
1740 2384 1768 2408 4.

291 2421 322 2453 u)
344 2426 517 2448 rextexeret
538 2424 561 2447 P
585 2424 610 2447 1.
711 2422 741 2456 v)
764 2424 804 2448 ita
825 2422 852 2447 A
874 2426 900 2448 1.
923 2424 946 2447 F
971 2425 996 2448 1.
1020 2423 1046 2447 G
1069 2425 1095 2448 1.
1121 2437 1153 2442 ——
1176 2424 1268 2454 paulo
1290 2425 1362 2448 deest
1383 2425 1407 2449 B
1432 2425 1455 2450 1.
1556 2421 1595 2454 w)
1618 2429 1671 2447 rex
1695 2422 1721 2447 G
1742 2423 1768 2448 2.

295 2476 328 2480 -—
350 2462 511 2487 Pannonia
532 2463 555 2486 B
580 2463 606 2488 1,
688 2462 718 2493 x)
741 2463 913 2494 Leuphchis
937 2462 962 2487 G
984 2462 1037 2495 5a3
1070 2463 1234 2494 Leupichis
1256 2463 1281 2487 A
1304 2463 1343 2488 '2,
1367 2464 1390 2487 F
1413 2464 1439 2487 4.
1465 2462 1490 2487 G
1513 2462 1603 2492 1-4;
1624 2462 1768 2493 Lupichis

292 2501 316 2525 Ε
342 2502 372 2531 1;
394 2501 564 2533 Leypichys
586 2502 610 2526 B
635 2502 668 2531 13
699 2502 845 2533 Leupigis
867 2503 891 2526 B
917 2504 961 2527 la.
987 2503 1018 2531 ‘23
1049 2501 1179 2527 Leuchis
1201 2502 1228 2526 A
1251 2503 1276 2527 6.
1302 2502 1333 2527 C.
1358 2503 1404 2532 D;
1436 2501 1564 2526 Leochis
1586 2500 1610 2524 L
1634 2502 1666 2531 13
1687 2501 1767 2525 Liaf-

292 2540 338 2570 gis
361 2539 387 2564 G
409 2541 452 2566 5c.
553 2539 584 2571 y)
607 2541 712 2565 abvius
734 2541 761 2565 A
783 2541 815 2571 33
851 2548 923 2565 avus
958 2540 979 2566 C
1004 2539 1042 2566 ‘1.
1068 2543 1092 2566 1.
1115 2542 1142 2566 2.
1165 2541 1192 2565 D
1218 2542 1306 2572 1——3;
1339 2541 1433 2566 abhus
1454 2549 1528 2566 corr.
1552 2540 1665 2564 ababus
1686 2540 1710 2564 F
1734 2541 1767 2570 13

292 2578 445 2603 abavavus
476 2587 550 2603 corr.
582 2579 695 2604 abavus
720 2580 746 2604 G
766 2581 793 2605 4.
895 2579 922 2611 z)
945 2580 1020 2604 deest
1048 2580 1072 2604 B
1098 2581 1129 2610 13
1161 2580 1278 2610 Langb.
1310 2581 1333 2605 F
1357 2582 1382 2608 1,
1483 2579 1511 2611 a)
1535 2580 1575 2603 ica
1595 2579 1619 2603 B
1643 2580 1668 2603 1.
1691 2579 1715 2602 F
1738 2580 1764 2604 1.

295 2617 321 2641 G
344 2619 369 2642 1.
394 2619 425 2647 2;
446 2619 526 2649 infra
547 2619 629 2642 etiam
650 2619 676 2643 A
699 2620 723 2651 1,
746 2619 811 2650 alii;
834 2620 952 2650 aliquos
976 2618 1040 2644 G3.
1064 2619 1097 2649 43
1121 2619 1237 2650 aliquot
1259 2620 1285 2644 A
1298 2620 1325 2652 1,
1347 2620 1405 2643 alii.
1448 2620 1482 2643 Ee
1503 2618 1630 2642 similiter
1646 2620 1764 2649 φθείρας

292 2656 328 2685 cf-
347 2663 377 2686 1³.
403 2658 457 2683 165
479 2665 510 2682 π.
533 2657 561 2682 k.
586 2671 620 2676 —
643 2660 710 2689 post
730 2665 758 2684 a.
780 2658 807 2683 A
830 2659 856 2684 3.
938 2657 968 2689 b)
992 2658 1112 2683 ltaliam
1134 2658 1160 2683 A
1184 2660 1209 2683 2.
1233 2659 1256 2683 Β
1282 2660 1307 2682 1.

295 2754 332 2796 1)
361 2754 412 2798 Cf.
433 2757 551 2799 praef.
578 2763 733 2789 Ἰηοεΐνανη
752 2769 792 2799 p.
826 2759 840 2788 1
871 2769 921 2799 sq.
