1852 3141
255 176 401 208 PAULI
429 174 658 207 HISTORIA
686 173 1134 208 LANGOBARDORUM.
1185 174 1278 207 LIB.
1308 175 1337 207 Ι.
1497 177 1537 208 51

60 288 122 329 17.
182 285 404 338 Quomodo
435 284 643 325 Lamissio
683 299 759 326 rex
789 285 960 326 effectus
1001 291 1075 338 est,
1114 291 1182 326 eta
1223 284 1401 339 qualiter
1440 286 1540 327 Vul-

179 356 302 396 gares
333 341 559 395 superavit.

21 424 25 426 μ
57 399 118 440 18.
178 396 316 448 Quod,
347 402 510 436 mortuo
533 395 810 447 Lamissione‚
840 409 1017 450 regnum
1048 395 1212 436 Lethuh
1244 396 1441 451 suscepit,
1474 403 1539 437 otc

177 458 272 507 post
314 451 426 492 huno
473 450 581 491 filius
626 451 715 492 eius
745 450 953 492 Hildehoe
967 451 997 504 d,
1035 458 1130 505 post
1176 459 1324 506 queme
1371 466 1539 508 quoque

180 506 407 548 Godehoef
436 506 643 561 regnavit.

55 565 117 605 19.
178 562 343 604 Bellum
379 563 487 602 inter
517 561 744 603 Odoacar&
773 575 916 616 regem
947 561 1288 616 Turcilingorum
1300 563 1316 588 ¹¹
1348 569 1388 604 et
1416 563 1453 604 F
1455 563 1536 605 ele-

177 618 342 660 theumi
383 631 527 671 regem
557 617 798 671 Rugormn,
841 623 881 656 et
913 616 1125 670 quomodo
1154 617 1438 671 Langobardi,
1470 634 1536 660 su-

176 675 332 729 peratis
348 672 401 714 ab
415 672 629 713 Odoacrek
646 671 793 725 Rugis‚
812 686 957 712 eorum
975 672 1237 725 provinciam
1254 674 1535 727 possiderunt.

51 731 116 771 20.
176 730 342 770 Mortuo
374 727 612 779 Godehocl,
650 727 843 779 regnavit
867 725 1014 779 Claffo,
1051 733 1126 768 et¹¹¹
1162 734 1256 782 post
1284 727 1395 769 hune
1415 729 1535 783 Tato,

177 786 249 839 qui
286 783 440 825 delevit
473 796 649 835 regnum
679 781 950 822 Herulorum.

50 842 115 882 21.
174 840 242 881 De
273 845 406 880 morte
443 837 617 878 Tatom's
656 844 696 878 et
733 852 863 892 regno
908 837 1184 890 wachonisn,
1237 844 1277 878 et
1322 839 1534 893 quomodo

175 895 337 937 Wacho
357 894 518 935 Suavos
530 900 545 918 0
563 893 778 947 superavit
786 925 798 945 ,
820 899 861 934 et
877 892 929 933 de
945 893 1150 934 uxoribus
1168 893 1258 935 eius
1275 900 1316 935 et
1332 894 1534 949 filiabusp,

173 957 213 991 et
241 950 292 991 de
322 964 452 1003 regno
485 947 674 1001 NVastari,
705 947 779 988 filii
810 948 912 989 eius.

48 1008 114 1048 22.
173 1007 340 1046 Mortuo
372 1003 563 1055 XValtari,
594 1005 785 1059 regnavit
814 1003 999 1057 Audoin,
1023 1005 1127 1060 quiq
1159 1004 1467 1060 Langobardos
1493 1007 1535 1047 in

171 1061 434 1102 Pannoniam
464 1059 654 1100 adduxit.

47 1118 113 1160 23.
173 1115 338 1158 Bellum
370 1115 666 1171 Gepidorumr
698 1129 795 1156 oum
816 1114 1135 1170 Langobardis‚
1167 1117 1238 1156 inS
1262 1131 1346 1172 quo
1376 1115 1534 1159 Alboin

172 1171 306 1213 filium
344 1172 456 1226 regis
499 1170 763 1225 Gepidorum
794 1171 986 1212 extinxit.

47 1229 111 1270 24.
172 1226 396 1279 Quomodo
418 1226 576 1268 Alboin
599 1240 695 1267 eum
717 1226 997 1281 quadraginta
1017 1227 1118 1267 viris
1149 1227 1202 1268 ad
1232 1227 1535 1269 Turisendumt

170 1297 328 1338 regem,
359 1283 479 1323 euius
509 1280 642 1322 filium
670 1282 950 1335 interemerat,
988 1282 1202 1337 profectus
1234 1290 1297 1324 est
1335 1297 1451 1324 arma
1480 1284 1533 1325 ab

171 1353 219 1380 eo
250 1344 410 1393 petens,
441 1344 487 1378 ut
516 1352 613 1378 eum
645 1351 719 1378 suo
750 1343 869 1392 patre
890 1339 1024 1393 possit
1044 1339 1086 1378 in
1108 1339 1301 1381 convivio
1332 1339 1532 1392 residere3

171 1401 212 1435 et
242 1394 451 1449 quomodo
482 1407 507 1432 a
537 1392 772 1434 Turisendo
804 1407 922 1433 arma
950 1394 1153 1448 aceepitu.

43 1451 109 1491 25.
168 1450 235 1490 De
265 1464 394 1503 regno
425 1448 646 1489 Iustiniani
677 1455 747 1489 etv
778 1449 965 1489 victoriis
996 1450 1097 1489 eius.

42 1506 109 1547 26.
166 1505 234 1545 De
264 1504 386 1546 beato
417 1503 647 1544 Benedicto
679 1509 720 1544 et
749 1503 964 1544 miraculis
995 1510 1069 1545 etw
1098 1503 1294 1545 laudibus
1327 1505 1430 1546 eius.

42 1562 107 1602 27.
167 1560 235 1600 De
265 1567 397 1601 morte
418 1558 589 1600 Audoin
611 1565 651 1600 et
679 1573 808 1614 regno
840 1558 1009 1612 Alboin,
1041 1566 1112 1600 etX
1136 1560 1346 1614 quomodo
1376 1560 1533 1602 Alboin

167 1615 517 1657 Cuninmndumy
555 1629 697 1670 regem
739 1613 1031 1669 Gepidorumz
1073 1616 1288 1670 superavit
1323 1623 1363 1657 et
1403 1616 1531 1657 filiam

168 1672 256 1712 eius
287 1670 602 1711 Rosamundam
632 1670 701 1710 ina
732 1670 1049 1710 matrimonium
1081 1670 1215 1712 duxit.

429 1749 794 1791 EXPLICIVNT
826 1749 1132 1792 CAPITVLA.

41 1922 69 1957 a)
94 1927 123 1950 et
148 1938 181 1943 ·-—
203 1924 358 1955 superavit
385 1925 440 1948 dex.
465 1925 488 1948 E
515 1925 538 1948 1.
622 1923 650 1956 b)
671 1924 799 1949 Letthue
829 1926 852 1950 B
878 1926 908 1956 13
930 1925 1043 1949 Lethus
1073 1925 1099 1950 D
1124 1927 1149 1950 2,
1234 1924 1257 1958 c)
1281 1928 1310 1950 et
1335 1941 1365 1943 —
1391 1929 1531 1957 regnavit

38 1964 93 1989 deS.
116 1964 140 1988 E
166 1964 190 1989 1.
272 1963 301 1995 d)
326 1963 453 1988 Hildeoc
475 1963 500 1987 A
523 1963 555 1995 33
576 1963 704 1988 Ildehoe
726 1965 749 1988 B
774 1966 798 1989 l.
882 1963 910 1996 e)
934 1964 1013 1988 hunc
1035 1964 1058 1988 B
1084 1965 1109 1989 1.
1190 1964 1213 1995 Ρ)
1239 1963 1361 1990 Godeoc
1383 1965 1408 1990 A
1433 1967 1457 1992 3.
1481 1967 1529 1998 303

39 2002 161 2029 Godeao
182 2010 255 2027 corr.
280 2002 403 2028 Godeoc
432 2003 458 2026 D
485 2004 509 2027 1.
593 2001 622 2033 g)
647 2002 806 2027 Odoachar
827 2003 850 2027 B
876 2004 908 2034 13
930 2003 1073 2033 Edoagar
1094 2004 1121 2027 D
1148 2004 1171 2027 l.
1264 2003 1293 2035 h)
1318 2005 1528 2036 'roi-cilinguo-

38 2049 104 2067 rum
136 2042 162 2066 D
187 2042 212 2066 2.
235 2042 267 2073 35
299 2042 544 2072 Toreilingorum
566 2041 593 2065 D
608 2043 635 2067 1.
727 2040 749 2074 i)
773 2042 938 2067 Feledeum
971 2050 1045 2067 corr.
1068 2042 1249 2067 Feletheum
1270 2043 1298 2066 D
1314 2045 1338 2069 1.
1366 2058 1399 2062 —-
1422 2051 1526 2075 regem

42 2095 76 2100 —-
98 2080 209 2112 possid.
232 2081 289 2107 des.
310 2081 334 2105 E
359 2082 382 2104 1.
465 2079 496 2112 k)
522 2080 680 2105 Godoacre
702 2081 728 2105 D
754 2082 786 2113 13
809 2088 827 2106 a
851 2081 995 2106 Godehoc
1017 2081 1222 2111 Rugilandam
1243 2089 1270 2107 e.
1286 2082 1311 2106 D
1326 2083 1351 2106 2.
1435 2082 1456 2114 1)
1472 2083 1529 2108 Go—

39 2120 112 2144 deoc
134 2127 147 2143 e
167 2126 242 2146 corr.
266 2119 292 2144 A
315 2120 346 2151 33
370 2119 516 2145 Gudehoc
538 2121 561 2145 B
585 2120 614 2151 13
639 2119 762 2145 Godooc
784 2127 858 2145 corr.
883 2120 1006 2145 Godeoc
1030 2121 1057 2144 D
1082 2122 1107 2145 1.
1171 2119 1212 2152 m)
1236 2123 1266 2146 et
1290 2136 1321 2140 —
1346 2121 1528 2147 Herulorum

39 2159 94 2184 des,
119 2159 142 2183 Ε
169 2160 194 2183 1.
277 2156 307 2190 n)
331 2159 425 2184 Vach.
447 2159 472 2182 D
497 2159 530 2189 ἒς
552 2159 654 2184 Wace.
678 2159 706 2183 Η
730 2160 756 2185 1.
776 2159 800 2183 L
823 2161 848 2184 2.
874 2173 906 2177 »-
931 2162 959 2184 et
984 2174 1015 2177 —
1040 2160 1104 2185 eius
1126 2160 1181 2185 des,
1202 2160 1226 2184 Ε
1251 2161 1275 2184 1.
1359 2158 1388 2192 0)
1412 2160 1528 2187 Suevos

38 2197 66 2221 D
89 2197 115 2222 3.
138 2198 165 2221 4.
188 2197 211 2221 L
235 2198 267 2228 23
292 2198 363 2222 deest
386 2199 409 2223 B
434 2200 459 2223 1.
554 2196 585 2229 p)
609 2200 638 2223 et
667 2198 702 2223 de
725 2198 745 2223 f.
769 2199 796 2222 D
820 2199 844 2223 2.
870 2199 902 2229 3;
932 2199 951 2223 f.
974 2198 1102 2224 waltari
1124 2198 1203 2223 filius
1237 2199 1301 2224 eius
1324 2198 1349 2222 A
1373 2200 1399 2224 3.
1425 2200 1468 2225 30.
1495 2216 1525 2219 -—

39 2239 68 2261 et
93 2249 119 2252 —
147 2236 212 2260 eius
234 2236 289 2261 des.
312 2237 335 2261 B
363 2237 386 2268 1,
409 2237 458 2267 qui
478 2243 598 2268 sequens
619 2240 815 2268 (zrymnemum
837 2238 877 2261 ica
900 2237 1022 2261 exhibet:
1045 2238 1091 2262 De
1110 2243 1204 2268 regno
1229 2238 1359 2263 Waltari
1383 2238 1437 2262 filii
1460 2239 1524 2264 eius

39 2277 226 2305 mortuoque.
289 2274 318 2306 q)
343 2276 395 2305 qui
409 2289 441 2293 -
455 2276 582 2301 adduxit
603 2276 658 2301 tle-9.
680 2277 704 2300 Ε
731 2278 755 2302 1.
818 2275 842 2308 r)
867 2276 997 2307 Geppid.
1019 2277 1042 2300 B
1057 2278 1082 2302 l.
1106 2276 1132 2300 D
1146 2277 1173 2302 3.
1236 2277 1262 2311 s)
1285 2277 1316 2301 in
1340 2290 1373 2295 —
1397 2279 1530 2304 extinxit

38 2314 93 2339 des.
117 2314 141 2338 E
166 2314 192 2338 1.
263 2312 285 2345 t)
308 2313 505 2339 'rui-'rsindum
527 2315 550 2338 B
575 2316 588 2339 1
612 2318 782 2341 constanter.
807 2329 839 2332 —
864 2316 898 2339 Τ.
922 2316 1005 2340 venit
1025 2316 1122 2340 ceteris
1146 2315 1256 2340 omissis
1279 2317 1300 2340 E
1327 2317 1351 2341 1.
1423 2316 1453 2348 u)
1468 2324 1528 2342 sus-

38 2352 117 2384 cepit
139 2352 162 2376 Β
189 2353 213 2377 1.
313 2350 342 2384 v)
367 2354 396 2378 et
417 2360 443 2379 v.
466 2360 491 2379 e.
523 2353 578 2378 dest.
603 2354 627 2378 E
653 2355 678 2378 1.
780 2354 818 2385 w)
854 2356 883 2378 et
905 2354 923 2378 l.
947 2355 1002 2380 des.
1036 2356 1059 2379 E
1086 2356 1117 2386 l;
1151 2361 1188 2381 m.
1221 2355 1286 2379 eius
1309 2357 1337 2379 et
1359 2354 1376 2379 1.
1401 2355 1427 2379 D
1452 2358 1476 2381 3.
1499 2357 1526 2381 4.

38 2389 69 2423 x)
93 2394 122 2417 et
146 2405 179 2409 ——
202 2391 289 2416 (luxit
310 2391 365 2418 «les,
387 2391 411 2415 Ε
436 2393 460 2416 1.
542 2391 572 2423 y)
597 2399 663 2416 cum
687 2391 881 2417 Cunimundo
903 2394 929 2417 D
954 2395 980 2417 2.
1073 2392 1099 2424 z)
1124 2393 1195 2417 deest
1218 2394 1243 2417 D
1270 2395 1293 2419 1.
1375 2392 1404 2425 a)
1429 2395 1528 2426 eoepit

33 2433 100 2462 post
122 2430 216 2461 suppl.
236 2430 262 2454 D
289 2432 320 2461 13
353 2430 386 2454 R.
416 2430 533 2461 act-epit
552 2432 577 2455 D
602 2432 633 2461 2;
657 2431 690 2457 R.
720 2438 845 2456 uxorem
870 2432 954 2456 duxit
977 2432 1002 2455 D
1027 2432 1054 2457 3.
