1852 3141
352 134 498 167 PAULI
526 134 757 167 HISTORIA
783 134 1229 168 LANGOBARDORUM.
1282 135 1376 168 LIB.
1406 136 1435 167 Ι.
1586 137 1628 167 61

142 245 266 287 modo
298 251 338 286 et
367 244 649 299 Vurgundaib
662 251 691 297 a,
723 245 825 300 perb
851 259 982 286 annos
1013 244 1184 299 aliquod
1214 245 1490 300 possidisse03
1522 261 1630 301 quae

139 315 215 342 nos
246 300 440 341 arbitrari
470 313 695 354 possumus
718 315 808 341 esse
839 299 1045 341 vocabula
1075 301 1312 355 pagorumd
1336 316 1411 341 seu
1433 316 1631 356 quorum-

144 370 324 411 cumque
353 355 554 396 locorum.

253 411 315 451 14.
374 411 578 452 Mortuise
610 411 769 452 interea
798 410 898 451 Ibor
929 418 969 452 et
1006 410 1142 451 Aione
1189 410 1385 463 ducibus,
1417 412 1490 467 qui
1519 412 1629 452 Lan-

137 465 377 521 gobardosf
406 481 431 506 a
462 466 744 507 Scadinavia&
775 466 1038 507 eduxeranth
1070 473 1111 508 et
1150 481 1283 522 usque
1305 467 1359 507 ad
1389 466 1493 508 haec
1524 474 1627 508 tem-

137 536 241 576 pora
258 529 487 574 rexerantl,
508 521 694 563 nolentes
711 522 796 561 iam
812 520 920 562 ultra
940 522 1211 576 Langobardi
1229 537 1318 563 esse
1336 522 1414 563 sub
1432 521 1627 575 ducibus,

135 592 278 632 regem
310 576 389 617 sibi
411 578 463 618 ad
490 584 724 618 ceterarum
745 578 877 617 instar
897 578 1088 630 gentium
1111 584 1356 619 statuerunt.
1415 579 1629 632 Regnavit

136 632 264 686 igitur
286 647 412 688 super
433 647 503 674 eos
525 633 700 688 primasi
718 630 996 686 Agelmundk,
1020 631 1130 673 filius
1148 632 1311 684 Aionis,
1335 648 1388 673 cx
1415 635 1628 689 prosapia¹

135 688 291 728 ducens
331 689 535 742 originem
575 687 901 743 Gungingorum
914 695 952 738 ¹¹¹,
998 702 1105 742 quae
1135 694 1238 742 aput
1278 702 1349 729 eos
1385 690 1630 742 generosior

134 742 383 784 habebatur.
444 743 541 794 Hic,
573 744 680 784 sicut
710 757 734 782 a
755 741 985 782 maioribus
1016 743 1209 794 traditur,
1240 744 1374 784 tribus
1396 752 1437 784 et
1457 745 1630 799 triginta

134 799 254 839 annis
284 798 662 852 Langobardorum
693 799 827 838 tenuit
854 813 1033 852 regnum
1048 806 1076 838 2.

250 854 310 895 15.
371 854 450 893 His
489 852 752 909 temporibus
785 854 992 909 quaedam
1033 855 1236 895 meretrix
1264 868 1347 894 uno
1379 860 1504 909 partu
1534 869 1628 909 sep-

135 915 216 950 tem
248 908 475 964 puerulos¹¹
506 910 644 961 enixa,
674 908 809 950 beluis
842 909 1037 950 omnibus
1072 916 1207 951 mater
1238 909 1450 950 crudelior
1482 910 1526 950 in
1564 912 1626 965 pi-

135 965 294 1005 scinam
325 965 530 1019 proiecit0
553 964 769 1019 negandos
782 972 813 1004 Ρ.
882 964 978 1005 Hoc
999 965 1034 1005 si
1066 966 1133 1005 cui
1163 965 1411 1020 inpossibile
1443 965 1625 1019 videtur,

132 1019 291 1074 relegat
342 1019 535 1061 historias
580 1027 785 1072 veterum,
832 1026 872 1061 et
921 1021 1117 1073 inveniet,
1156 1035 1242 1061 non
1286 1020 1421 1061 solum
1463 1028 1626 1076 septem

132 1074 358 1116 infantulos
372 1083 402 1127 (Ι,
443 1075 516 1116 sed
557 1077 682 1116 etiam
718 1090 871 1117 novem
908 1084 1063 1116 unam‘
1101 1075 1322 1117 mulierem
1359 1076 1514 1117 semelS
1556 1092 1626 1131 pe-

130 1131 302 1185 perisse.
360 1131 417 1171 Et
453 1130 533 1171 hoc
570 1137 731 1172 certum
771 1138 836 1173 est
866 1132 1051 1172 maxime
1089 1138 1193 1186 aput
1221 1133 1458 1187 Aegyptios
1488 1132 1579 1174 fieri
1596 1139 1625 1173 ³.

131 1185 350 1240 *Contigit
379 1187 538 1241 itaque,
578 1193 624 1227 ut
653 1201 729 1227 rex
760 1186 1022 1241 Agelmund,
1060 1186 1162 1227 dum
1192 1188 1270 1229 iter
1300 1195 1508 1243 carperet,
1545 1189 1621 1229 adt
1641 1181 1650 1191 ’

131 1242 308 1284 eandem
345 1241 553 1297 piscinam
594 1242 822 1283 deveniret.
890 1243 973 1294 Qui
1010 1257 1107 1283 cum
1146 1257 1255 1298 equo
1292 1249 1453 1284 retento
1496 1244 1619 1284 mise-

129 1297 285 1338 randos
320 1296 546 1338 infantulos
594 1299 817 1339 miraretur
852 1297 1067 1353 hastaque,
1111 1306 1223 1353 quau
1263 1313 1390 1339 manu
1432 1298 1619 1354 gerebat,

131 1353 213 1393 huc
235 1352 416 1408 illucque
439 1368 509 1394 eos
532 1354 766 1406 inverteret,
800 1368 908 1393 unus
930 1368 983 1393 ex
1004 1352 1084 1394 illis
1106 1355 1260 1394 iniecta
1280 1363 1433 1395 maan
1456 1355 1620 1395 hastam

130 1409 290 1462 regiam
326 1408 639 1463 conprehendit.
718 1409 811 1450 Rex
854 1409 1146 1450 misericordia
1195 1416 1332 1450 motus
1376 1409 1619 1465 factumque

132 1517 161 1550 a)
185 1519 402 1549 Vurgundahib
425 1520 450 1543 A
474 1520 500 1544 5.
524 1520 537 1543 Ι
564 1521 593 1549 1;
627 1519 873 1551 Vurgundaybus
907 1519 932 1544 A
958 1519 996 1544 ’3.
1022 1520 1053 1550 73
1083 1520 1275 1550 Vurgurdaib
1304 1522 1330 1545 D
1355 1522 1390 1551 33
1420 1521 1617 1551 Vurgandaib

131 1558 159 1582 H
182 1558 234 1587 5a;
264 1558 451 1588 virgundaib
476 1558 497 1582 C
520 1559 554 1588 3;
589 1559 787 1588 NVirgundaib
812 1558 833 1584 C
857 1559 888 1584 2:
923 1559 1111 1589 Virgandaib
1134 1559 1156 1583 F
1179 1560 1211 1589 53
1245 1560 1411 1590 Virgudaib
1435 1561 1461 1584 D
1486 1561 1517 1589 2;
1546 1561 1620 1586 vur-

133 1597 272 1621 conthaib
304 1598 327 1621 Β
354 1599 379 1622 l.
402 1598 427 1623 2.
453 1598 465 1621 I
488 1597 519 1627 3;
554 1596 759 1621 (Jhircolitliail)
788 1598 812 1621 B
835 1598 868 1627 4;
902 1597 1156 1627 Vurgundahiber
1187 1599 1213 1622 A
1237 1599 1289 1629 5b;
1322 1599 1520 1629 Burgundaib
1543 1600 1567 1624 Ε
1594 1601 1619 1624 1.

133 1635 159 1659 G
183 1636 207 1660 1.
231 1637 256 1660 2.
280 1633 321 1660 ’5.
344 1635 390 1661 5a.
415 1636 440 1660 7.
464 1637 477 1660 Ι
501 1636 527 1659 2.
551 1636 590 1665 L;
619 1636 815 1666 Burgandaib
839 1636 861 1660 F
886 1638 917 1666 13
948 1637 1168 1667 Burgundahib
1193 1638 1218 1662 G
1242 1639 1273 1667 33
1302 1638 1513 1668 Burgindahib
1538 1638 1564 1662 G
1585 1638 1619 1669 43

130 1674 338 1704 Burgaindaib
363 1674 389 1698 G
412 1674 460 1705 503
484 1675 671 1704 Bugamdaib
696 1674 721 1699 G
744 1675 797 1705 51>;
819 1675 1056 1704 Burgundaibus
1079 1677 1101 1699 F
1123 1677 1156 1707 43
1180 1677 1412 1707 Burgaudaibos
1434 1677 1456 1701 F
1482 1675 1525 1707 Ἐς
1547 1677 1619 1701 Pur-

131 1713 298 1743 gandaibos
323 1714 342 1737 1⁴*
366 1713 392 1738 2.
474 1712 503 1744 b)
529 1720 556 1744 p.
581 1720 607 1738 a.
632 1720 658 1741 a,
681 1714 736 1738 ἀρε.
760 1715 783 1738 Β
809 1715 833 1739 1.
923 1713 949 1746 c)
972 1715 1013 1739 ita
1035 1714 1060 1739 A
1085 1716 1116 1745 15
1139 1717 1324 1747 possedisset
1345 1716 1368 1739 E
1395 1718 1424 1745 1;
1446 1716 1620 1747 possedisse

130 1752 222 1777 ceteri.
324 1751 355 1784 d)
378 1759 565 1783 paganorum
597 1753 622 1776 D
647 1753 673 1778 2.
697 1753 724 1779 3.
749 1752 774 1777 G
797 1753 843 1777 3a.
866 1752 879 1776 Ι
904 1754 929 1778 1.
1026 1753 1053 1785 e)
1083 1758 1218 1779 mortuus
1248 1755 1273 1779 A
1298 1756 1323 1781 l.
1347 1755 1370 1779 Ε
1396 1757 1420 1779 1.
1444 1755 1465 1779 F
1491 1757 1514 1781 1.
1538 1754 1564 1779 G
1586 1755 1620 1785 33

131 1793 263 1815 mortuos
286 1790 312 1815 A
335 1789 374 1816 ‘2.
465 1791 485 1822 f)
509 1791 703 1821 Langobardi
725 1792 748 1816 Ε
774 1793 804 1822 1;
837 1791 1046 1822 Langobardis
1068 1793 1091 1816 F
1115 1794 1139 1817 1.
1165 1793 1190 1818 G
1215 1796 1240 1820 1.
1264 1794 1289 1818 3,
1312 1794 1341 1818 4.
1423 1792 1452 1824 g)
1478 1793 1621 1820 Scandin.

131 1830 154 1855 B
180 1831 205 1862 1,
228 1830 292 1860 alii3
326 1829 501 1855 Scatinavia
523 1831 545 1854 F
569 1831 601 1861 23
629 1829 826 1855 Scladinavia
848 1831 875 1855 H
900 1832 924 1856 l.
1015 1830 1045 1863 h)
1070 1832 1259 1858 adduxerant
1290 1833 1312 1856 F
1335 1833 1361 1857 2.
1387 1833 1411 1858 3.
1437 1832 1462 1857 G
1486 1834 1511 1857 2.
1536 1833 1562 1858 3.
1586 1834 1621 1864 4;

131 1868 300 1894 adduxerat
322 1882 356 1887 ·—-
380 1870 533 1894 rexeratF
548 1870 573 1894 1.
588 1869 612 1893 G
627 1870 655 1900 13
678 1870 869 1894 abduxerant
891 1869 962 1900 (453
985 1873 1015 1895 et
1038 1875 1228 1897 —rexerant
1250 1872 1306 1896 des.
1320 1873 1343 1896 E
1360 1874 1383 1896 1.
1449 1870 1470 1904 i)
1494 1872 1627 1903 primum

130 1908 165 1933 Ε.
189 1908 221 1932 F.
246 1908 289 1938 (ἴς
312 1908 383 1932 deest
405 1908 431 1932 A
453 1909 481 1932 3.
564 1907 595 1940 k)
621 1908 786 1939 Agilmund
809 1908 834 1932 A
858 1909 872 1932 2
896 1910 945 1932 hoc
967 1909 1035 1941 loca,
1060 1909 1086 1935 G
1109 1908 1148 1935 ’5.
1173 1910 1210 1935 53.
1231 1914 1310 1935 const
1331 1918 1336 1941 ς
1361 1911 1514 1940 Agelmun
1537 1911 1563 1935 A
1579 1908 1626 1942 ·4;

130 1946 282 1977 Agelmud
304 1948 327 1971 E
347 1949 369 1971 1.
394 1948 415 1971 F
440 1948 472 1977 33
496 1948 703 1977 Agelmumlus
725 1949 790 1974 ΒΞ.
815 1948 837 1973 C
862 1950 904 1972 la.
930 1948 955 1972 D
981 1950 1065 1973 la.2.
1090 1949 1116 1974 3.
1140 1950 1162 1974 F
1187 1950 1215 1974 5.
1240 1950 1265 1974 G
1288 1951 1315 1976 6.
1338 1950 1397 1979 11;
1422 1949 1627 1980 Agilmundus

132 1985 157 2010 G
180 1986 224 2011 5c.
326 1985 348 2018 l)
370 1987 544 2018 prosapiam
568 1987 588 2010 F
613 1988 639 2012 1.
741 1991 780 2017 m)
806 1986 1019 2017 Guningorum
1043 1988 1065 2012 B
1091 1989 1116 2012 1.
1141 1990 1166 2013 2.
1192 1989 1204 2013 Ι
1228 1990 1261 2019 3;
1286 1989 1522 2019 Gunningorum
1545 1989 1571 2013 K
1597 1991 1627 2019 1;

131 2024 344 2055 Gunnigorum
367 2027 390 2050 B
415 2026 464 2056 1a3
498 2026 731 2055 (hingindorum
755 2026 779 2050 A
803 2024 840 2051 ‘4.
873 2027 896 2050 B
921 2026 974 2056 2a;
1009 2026 1233 2058 Gingingorum
1265 2028 1290 2052 G
1313 2027 1359 2056 ·5;
1395 2028 1627 2059 Gungincorum

130 2064 154 2088 B
181 2065 225 2090 la.
246 2064 283 2089 D.
307 2064 321 2087 I
346 2065 378 2094 13
412 2064 622 2094 Gangivorum
652 2065 677 2089 G
699 2065 751 2095 5b;
785 2065 1016 2095 Oungingorum
1039 2066 1064 2090 A
1088 2067 1122 2091 30
1144 2074 1156 2091 e
1179 2074 1272 2098 corr.;
1305 2067 1517 2097 Cuningorum
1550 2067 1573 2091 F
1595 2067 1627 2098 53

130 2102 354 2133 Thuringorum
377 2103 399 2127 L
425 2105 458 2134 l,
491 2103 716 2133 'rungintorum
739 2104 762 2128 L
785 2105 810 2129 ⁶2.
902 2104 932 2136 n)
957 2111 1067 2136 pueros
1100 2105 1125 2129 A
1149 2106 1181 2135 23
1212 2107 1357 2137 parvulos
1389 2106 1410 2131 C
1434 2106 1461 2130 2.
1496 2106 1522 2129 D
1547 2107 1575 2130 2.
1599 2106 1626 2131 3.

132 2142 157 2164 G
180 2141 225 2166 5c.
248 2142 261 2165 I
286 2143 311 2174 l,
334 2142 392 2166 alii.
474 2141 502 2175 o)
526 2143 637 2173 proicit
658 2142 683 2166 A
698 2143 724 2167 2.
808 2141 838 2174 p)
862 2143 903 2166 ita
922 2150 977 2174 pro
1002 2145 1155 2168 necandos
1179 2144 1204 2169 Α
1221 2146 1243 2169 1.
1269 2144 1308 2169 “2.
1332 2146 1355 2169 E
1371 2146 1396 2169 1.
1421 2145 1443 2168 F
1461 2146 1485 2168 l.
1510 2144 1536 2168 3.
1561 2143 1626 2169 Ga.

131 2178 161 2211 q)
184 2179 316 2205 infantes
340 2180 365 2205 G
390 2182 414 2206 1.
438 2182 464 2206 ⁴2.
537 2180 561 2212 r)
586 2189 646 2206 una
668 2181 693 2205 A
718 2182 744 2206 l.
758 2179 796 2207 ⁸2.
812 2180 850 2206 ⁸3.
865 2181 891 2206 G
907 2183 936 2211 13
960 2189 1020 2207 una
1042 2183 1153 2208 mulier
1175 2184 1200 2208 A
1214 2184 1240 2210 2.
1254 2182 1292 2211 ⁸4.
1355 2183 1379 2215 s)
1405 2183 1477 2207 deest
1501 2183 1526 2207 G
1541 2183 1587 2209 51).
1601 2190 1627 2209 c.

131 2217 153 2248 t)
174 2222 238 2248 pose
259 2219 325 2243 add.
349 2220 369 2243 F
395 2221 419 2244 1,
508 2219 539 2251 u)
563 2221 601 2244 ita
623 2220 649 2244 A
675 2221 697 2244 1.
723 2218 761 2245 ‘2.
787 2218 826 2246 ⁸3.
851 2221 873 2244 1³
899 2222 922 2244 1.
949 2221 975 2244 G
999 2223 1030 2250 13
1055 2229 1077 2256 q
1095 2223 1118 2246 B
1143 2223 1178 2252 23
1209 2223 1280 2247 deest
1304 2224 1328 2248 E
1355 2224 1382 2252 13
1417 2229 1507 2253 quam
1532 2223 1625 2249 ceteri.

133 2255 162 2287 v)
188 2264 310 2282 manum
332 2258 354 2281 F
380 2260 404 2283 1.

137 2361 171 2403 1)
200 2365 234 2393 et
260 2372 293 2394 u.
322 2361 367 2392 ad
393 2362 426 2393 h.
453 2366 477 2394 t.
504 2367 667 2395 rexerant
693 2364 735 2396 de
762 2375 824 2396 suo
853 2365 952 2397 addit
980 2364 1116 2397 Paulus
1136 2377 1177 2398 ex
1205 2366 1419 2408 conjectura,
1449 2371 1486 2398 uc
1505 2366 1627 2399 ser-lem

132 2408 351 2451 regnantium
378 2410 523 2451 efficeret
550 2411 761 2443 continuam.
816 2412 918 2451 Quod
941 2414 1048 2454 plane
1076 2424 1267 2446 erroneum.
1286 2415 1362 2448 BE.
1466 2414 1504 2449 2)
1523 2414 1623 2447 Haec

133 2457 169 2489 in
193 2456 287 2500 Ονίῃ.
303 2458 448 2499 frustra
474 2469 638 2499 quaeras.
738 2458 774 2499 3)
804 2460 901 2492 Haec
920 2461 1056 2492 Paulus
1076 2473 1098 2493 a
1118 2461 1231 2494 Plinio
1252 2463 1420 2504 excerpsit
1448 2463 1506 2494 lib.
1536 2462 1623 2503 VII,

133 2517 212 2547 cap.
240 2507 272 2545 3,
301 2506 342 2537 (le
365 2505 575 2547 profliffl'osis
599 2507 783 2548 partubus.
835 2509 1077 2550 Tei-geminos,
1098 2510 1164 2548 ille,
1192 2512 1291 2542 nasei
1320 2515 1453 2543 certum
1474 2515 1528 2544 est
1547 2511 1623 2543 Ho-

131 2555 298 2586 ratiorum
327 2554 618 2596 Curatiorumque
646 2556 816 2598 exemplo.
872 2556 986 2599 Supra
1012 2559 1102 2590 inter
1129 2562 1266 2591 ostenta
1293 2560 1490 2598 adducitur,
1519 2570 1624 2602 prae-

133 2607 292 2645 terquam
324 2604 358 2634 in
385 2603 557 2645 Aegypto,
597 2604 656 2635 ubi
683 2604 822 2636 foetifer
856 2609 939 2647 potu
966 2605 1066 2638 Nilus
1101 2612 1161 2638 etc.
1198 2608 1259 2639 131.
1314 2605 1364 2648 Cf.
1395 2607 1481 2640 dell.
1512 2608 1557 2647 X,
1587 2609 1623 2639 2.

139 2650 213 2683 Toci
239 2651 318 2683 huic
344 2651 386 2683 (le
414 2651 631 2684 Lamissione
656 2652 857 2684 narrationi
882 2660 1065 2695 repufflzat,
1092 2655 1186 2696 qzcorl
1215 2655 1386 2687 Lamissio
1414 2656 1450 2688 in
1474 2657 1622 2698 prola-qo

133 2699 251 2731 Edicta·
278 2699 443 2732 Iz‘osslzaris
470 2706 614 2732 vocatur
642 2711 683 2732 ex
710 2711 839 2742 genere
869 2702 1064 2743 Gugingus.
1124 2703 1208 2735 Orta
1236 2703 1373 2736 videtur
1400 2715 1441 2737 ea:
1469 2706 1623 2737 nomine.

135 2747 187 2788 Cf.
214 2758 302 2790 quae
334 2748 411 2787 Leo,
442 2748 595 2791 Rem-aff
614 2761 650 2790 p.
678 2750 733 2789 31,
762 2751 940 2793 conflasset.
970 2752 1042 2783 BE.
