1852 3141
286 142 330 174 38
595 142 741 175 PAULI
769 142 997 175 HISTORIA
1025 142 1471 176 LANGOBARDORUM.

283 254 337 294 26
358 255 419 295 in.
443 254 504 305 II,
532 254 637 294 1-4
657 254 763 294 merl.
795 252 916 293 5—7.
959 252 1040 302 III,
1077 252 1140 292 12.
1172 253 1236 294 13.
1260 254 1323 294 15.
1348 254 1411 294 17.
1433 255 1499 296 23.
1521 255 1586 296 24.
1610 255 1676 297 26.
1709 254 1774 296 29.

282 309 359 362 IV,
391 310 431 349 ι’).
463 309 500 349 6.
532 310 570 351 8.
605 309 668 348 17.
699 309 765 348 26.
797 307 860 347 33.
894 306 960 346 36.
1003 307 1044 358 V,
1075 308 1224 348 6—13.
1263 309 1327 361 VI,
1356 310 1395 349 4.
1426 310 1464 351 ὃ.
1498 312 1672 350 11-14.
1704 310 1770 350 31.

283 365 350 406 32.
382 365 450 406 34.
481 364 547 405 36.
577 365 644 404 40.
683 363 749 403 37.
788 362 855 403 42.
897 361 1075 402 46-—49.
1114 363 1180 403 53.
1221 364 1275 403 54
1310 366 1443 416 init.).
1488 365 1537 406 G.
1565 367 1619 406 H.
1651 366 1773 407 Pertz

285 421 387 461 haec
421 436 512 460 cum
546 419 787 459 Illuratorii
816 418 1000 458 editione
1031 417 1222 458 contulit.

396 475 485 529 (71.)
520 473 557 515 G
578 473 617 514 3.
688 473 1120 515 Vindobonensis
1150 473 1232 514 Nr.
1253 474 1335 515 237
1358 476 1493 527 (Hist.
1512 476 1630 530 prof.
1653 477 1771 529 680),

282 530 452 571 membr.
468 545 499 570 s.
517 530 567 570 X.
583 530 623 581 4,
645 544 737 570 una
759 544 894 570 manu
912 535 1135 581 eoearatus,
1158 544 1269 583 quae
1286 530 1350 570 nil
1366 532 1457 571 nisi
1474 532 1604 572 Pauli
1618 532 1771 574 librum

283 587 472 640 scripsit.
536 584 899 639 Complurafolia
921 585 1174 625 eoeciderunt
1197 585 1267 638 (V,
1289 584 1396 626 38-
1412 586 1477 638 VI,
1500 587 1551 639 6;
1589 587 1654 639 VI,
1675 588 1774 639 34),

284 641 378 682 alia
416 642 544 682 initio
585 647 622 681 et
650 640 744 693 fine
765 642 864 696 jam
894 656 926 681 s.
958 640 1055 680 XII.
1099 641 1206 682 adeo
1237 642 1489 683 humiditate
1527 649 1655 683 erant
1686 657 1775 684 cor-

282 703 438 751 rupta,
480 703 527 737 ut
566 698 641 751 qui
677 703 777 737 tunc
819 697 950 751 hujus
989 696 1092 738 libri
1126 697 1364 750 eccemplum
1391 695 1592 751 faciebat
1620 712 1671 738 ea
1700 699 1776 739 vix

282 752 418 807 leqere
447 758 604 807 posset.
673 752 902 794 Verborum
925 752 1103 806 formas
1140 753 1249 793 satis
1289 753 1419 794 rudes
1450 753 1684 807 plerasque
1724 768 1776 794 ex

283 811 509 849 vetustiore
545 807 654 848 libro
694 814 888 862 receptas
923 822 1034 860 esse,
1079 814 1329 863 comparato
1370 808 1512 850 codice
1551 807 1637 849 G4
1676 809 1776 850 huic

286 863 503 918 affinitate
530 865 758 917 conjuncto
789 864 990 904 docemur
998 879 1013 916 ,·
1047 862 1140 904 alia
1160 870 1301 905 tamen
1324 870 1360 904 et
1380 865 1473 919 ipse
1496 865 1776 905 amanuensis

277 934 484 974 peccasse
518 920 699 962 videtur.
768 919 821 959 In
862 919 1017 973 quibus
1057 919 1340 960 emendandis
1375 926 1525 974 postea
1565 925 1777 961 corrector

285 975 528 1016 desudavit.
612 974 805 1016 Codicem
856 976 932 1015 sub
988 976 1202 1029 auspiciis
1249 975 1407 1016 Pertzii
1453 975 1634 1017 Pirsner
1681 990 1775 1016 cum

285 1030 413 1071 editis
463 1029 653 1082 contulit,
697 1031 942 1071 Bethmann
983 1030 1063 1071 hac
1103 1045 1233 1084 opera
1265 1046 1372 1071 usus
1390 1031 1497 1085 fuse
1534 1031 1775 1085 descripsit,

285 1085 416 1127 Arch.
460 1086 550 1137 VII,
575 1101 623 1140 p.
654 1085 736 1126 275
767 1100 869 1140 sqq.,
899 1087 1153 1126 sententiam
1187 1101 1281 1127 vero
1314 1087 1363 1127 de
1394 1088 1490 1141 ipso
1530 1093 1631 1127 tunc
1668 1100 1774 1141 pro-

285 1141 422 1182 latam
454 1148 610 1195 postea
641 1156 830 1196 prorsus
866 1143 1013 1196 rejecit
1047 1156 1223 1197 eumque
1263 1142 1339 1183 hoc
1369 1142 1458 1183 loco
1496 1156 1584 1182 esse
1606 1156 1774 1197 ponen-

283 1198 387 1238 dum
407 1197 629 1237 intelleoeit.
674 1196 933 1252 Scripturae
954 1198 1168 1252 specimen
1190 1197 1287 1238 vide
1308 1198 1355 1237 in
1377 1197 1461 1238 tab.
1484 1198 1559 1240 IV.
1578 1198 1640 1238 ed.
1671 1199 1775 1252 maj.

401 1252 491 1308 (72)
525 1251 647 1292 G32.
717 1252 1144 1294 Vindobonensis
1182 1253 1264 1293 Nr.
1294 1253 1377 1295 406
1407 1253 1528 1306 (Jur.
1567 1255 1644 1294 civ.
1684 1253 1775 1304 64),

288 1308 386 1349 olim
425 1307 725 1358 GotwicensiS,
775 1308 943 1348 membr.
984 1323 1016 1348 s.
1054 1308 1152 1348 XII.
1183 1308 1282 1362 fol.,
1323 1309 1371 1348 in
1410 1323 1491 1362 quo
1533 1309 1774 1349 Historiam

288 1363 681 1418 Lanqobardorum
698 1363 786 1403 Lex
801 1363 1151 1418 Bajuvariorum
1165 1364 1376 1404 antecedit
1387 1364 1496 1416 (LL.
1509 1363 1645 1417 III,p.
1658 1364 1774 1415 188).

286 1419 459 1460 Desinit
488 1418 553 1470 VI,
574 1419 643 1470 44,
665 1419 809 1459 scriba
831 1419 1088 1459 adnotante:
1120 1418 1237 1459 deest
1256 1417 1447 1459 multum.
1492 1419 1671 1459 Praeter
1693 1417 1731 1459 G
1753 1418 1778 1459 3

287 1488 613 1528 nonnumquam
651 1474 784 1515 codem
824 1474 976 1515 classis
1010 1473 1046 1515 C
1069 1473 1132 1515 vel
1153 1474 1197 1514 D
1230 1474 1448 1516 adhibitus
1477 1489 1563 1514 esse
1593 1474 1777 1515 videtur.

287 1530 434 1585 Hujus
465 1544 629 1584 quoque
661 1529 858 1572 lectiones
891 1531 1077 1571 enotavit
1107 1529 1298 1570 Pirsner.

398 1586 490 1641 (73)
524 1584 621 1626 G4.
690 1585 1104 1641 Ultrajectinus
1135 1585 1217 1625 Nr.
1250 1585 1343 1636 287,
1377 1585 1475 1626 olim
1510 1584 1773 1638 Campensis,

286 1641 454 1682 membr.
480 1640 567 1695 fol.
598 1642 702 1682 min.
735 1656 766 1681 s.
796 1641 846 1681 X.
876 1641 940 1681 vel
977 1641 1052 1681 XI.
1082 1642 1158 1692 in.,
1195 1641 1381 1696 paginis
1421 1641 1640 1694 bipartitis
1677 1641 1775 1681 niti-

287 1697 462 1737 dissime
489 1702 711 1737 escaratus.
758 1697 1053 1737 Amanuensis
1084 1711 1194 1751 quae
1224 1702 1432 1750 corrupta
1452 1695 1689 1750 judicabat
1713 1695 1776 1737 vel

285 1752 431 1792 minus
451 1751 588 1793 intelli
590 1751 714 1807 qebat
736 1752 783 1793 in
800 1753 997 1807 marqine
1015 1753 1241 1792 annotavit
1258 1753 1407 1806 (siqno
1423 1753 1484 1792 ’7-1-
1502 1772 1555 1786 =
1571 1750 1777 1806 require),

287 1822 614 1862 nonnumquam
652 1809 842 1860 spatium
872 1822 1057 1848 vacuum
1095 1807 1282 1861 reliq-uit,
1320 1813 1500 1848 ceterum
1541 1805 1776 1860 eoeemplar,

289 1877 370 1917 quo
402 1877 506 1903 usus
537 1869 608 1914 est,
641 1862 679 1903 G
700 1861 725 1902 3
757 1863 905 1915 simile,
936 1864 1044 1903 satis
1063 1863 1254 1916 fideliter
1284 1863 1545 1917 expressisse
1581 1862 1776 1914 videtur,

289 1918 347 1970 II,
378 1917 552 1959 18-20.
583 1919 749 1970 desunt,
780 1918 942 1959 lacuna
973 1933 1060 1959 non
1091 1918 1303 1959 indicata.
1348 1918 1563 1959 Lectionis
1587 1918 1777 1958 varietas

288 1973 494 2015 Leibnitii
528 1989 663 2014 manu
701 1976 868 2029 scripta
905 1975 1018 2015 inter
1056 1974 1236 2014 schedas
1271 1975 1414 2028 ipsius
1449 1975 1497 2015 in
1528 1972 1778 2014 bibliotheca

288 2030 413 2084 reqia
436 2029 769 2070 Hannoverana
799 2036 949 2081 eoestat,
982 2028 1161 2070 alteram
1193 2045 1219 2069 a
1241 2029 1575 2083 Schmttckinqio
1596 2029 1644 2069 in
1665 2043 1777 2069 mar-

288 2086 388 2139 9ine
409 2085 612 2125 editionis
632 2085 938 2126 Elzevirianae
967 2090 1182 2126 enotatam
1208 2084 1457 2126 bibliotheca
1481 2083 1776 2138 Gottinqensis

290 2146 432 2180 servat
469 2139 548 2194 (cf.
586 2140 716 2181 Arch.
757 2141 847 2192 VII,
876 2156 925 2195 p.
962 2139 1081 2193 284).
1140 2140 1223 2180 His
1263 2155 1351 2180 non
1391 2145 1610 2180 contentus
1650 2139 1776 2179 Beth-

287 2210 422 2235 mann
467 2196 608 2236 denuo
653 2196 863 2247 codicem,
908 2202 1009 2236 tunc
1052 2197 1206 2250 maqni
1235 2195 1412 2249 factum
1458 2195 1611 2248 (Arch.
1661 2194 1776 2246 VIII,

281 2265 330 2304 p.
363 2250 454 2302 31),
486 2252 810 2292 accuratissime
840 2251 1166 2292 eoescribendum
1195 2253 1376 2292 curavit.

404 2304 603 2361 Quinque
633 2307 710 2360 qui
736 2313 975 2362 sequuntur
995 2307 1127 2361 hujus
1147 2306 1298 2346 classis
1321 2307 1486 2347 codices
1507 2308 1571 2347 ita
1591 2306 1704 2347 inter
1732 2319 1773 2345 se

289 2363 560 2413 conveniunt,
582 2367 641 2413 ut,
663 2377 758 2402 cum
781 2361 888 2403 alter
909 2362 968 2402 ad
989 2362 1169 2402 alterum
1191 2361 1349 2415 referri
1370 2367 1566 2416 nequeat,
1593 2376 1644 2402 eoe
1666 2375 1773 2401 com-

288 2418 411 2458 muni
436 2415 565 2470 fonte
602 2432 670 2458 eos
709 2418 885 2458 haustos
914 2432 1000 2457 esse
1037 2417 1311 2458 statuendum
1351 2419 1418 2458 sit.
1476 2417 1528 2457 Id
1557 2431 1775 2457 commune

289 2472 457 2523 habent,
489 2473 603 2526 quod
633 2474 781 2514 ceteris
811 2473 989 2514 liberius
1010 2472 1142 2514 Pauli
1171 2473 1301 2513 verba
1320 2473 1521 2524 reddunt,
1554 2473 1612 2513 ad
1632 2486 1775 2527 ⁷qram-

289 2528 470 2568 maticae
509 2527 686 2583 requlas
726 2543 777 2568 ea
814 2530 1045 2583 castiqant,
1082 2543 1420 2582 nonnumquam,
1461 2534 1506 2568 ut
1544 2541 1772 2568 sermonem

287 2584 653 2637 perspicaciorem
683 2583 1033 2638 eleqantioremve
1057 2584 1257 2634 reddant,
1280 2584 1496 2638 quaedam
1524 2587 1691 2623 mutant
1711 2581 1775 2622 vel

292 2638 473 2678 addunt.
536 2637 660 2685 Quod
690 2641 790 2693 jam
827 2639 964 2680 medio
1002 2639 1173 2680 saeculo
1205 2638 1278 2679 IX.
1303 2638 1478 2693 factum
1507 2639 1560 2678 sit
1601 2642 1773 2691 oportet,

291 2707 384 2733 cum
415 2693 609 2747 eoeempla
631 2693 715 2734 duo
748 2695 808 2734 ad
839 2695 950 2734 hanc
981 2709 1114 2748 usque
1146 2700 1321 2735 aetatem
1345 2693 1596 2743 ascendant,
1626 2694 1671 2732 in
1696 2692 1775 2733 Lo-

290 2748 531 2803 tharin‘qia,
563 2754 609 2788 ut
629 2749 810 2800 videtur,
843 2764 925 2802 quo
956 2748 1035 2790 illa
1057 2751 1278 2803 pertinent
1308 2756 1344 2789 et
1377 2749 1447 2789 ubi
1466 2749 1636 2804 Regino
1668 2749 1777 2802 ejus-
