1852 3141
170 133 215 164 28
477 132 621 164 PAULI
650 131 878 164 HISTORIA
905 132 1349 167 LANGOBARDORUM.

175 242 311 284 C'atal.
343 243 433 284 cod.
465 243 597 283 Bern.
623 257 671 296 p.
706 241 820 291 101).
875 240 1014 288 Quam
1038 246 1239 296 prooeime
1271 245 1329 285 ad
1358 245 1400 285 Β
1423 246 1442 285 1
1478 248 1654 299 accedit,

170 300 234 339 ita
263 305 404 339 tamen
434 304 480 337 ut
510 297 653 337 scriba
675 296 826 336 ultima
856 294 959 336 libri
986 296 1049 336 VI.
1072 300 1219 352 capita
1251 315 1302 340 eac
1333 301 1475 342 codice
1500 302 1653 343 classis

171 354 214 393 D
245 354 474 408 suppleret.
518 352 666 406 *Veque
690 351 853 391 indices
881 351 1004 392 libris
1026 356 1383 406 praemittuntur,
1414 372 1547 412 neque
1568 359 1654 399 sin-

169 409 285 464 qulis
329 408 544 462 capitibus
589 412 847 460 ammenta.
885 407 1197 449 adscribuntur
1242 410 1300 462 (I,
1338 412 1404 451 23.
1445 417 1654 468 excepto),

171 465 369 518 quamvis
401 463 459 503 ad
490 462 674 502 medium
705 467 907 514 quartum
938 462 1093 504 librum
1124 478 1257 517 usque
1292 468 1482 519 spatium
1515 470 1568 509 iis
1601 471 1657 509 sit

169 519 375 560 relictum.
449 518 515 557 De
559 516 778 557 verborum
826 517 969 559 ¹indole
1009 519 1255 560 Betlimaun
1297 536 1447 574 pauca
1491 530 1656 565 tantum

169 574 387 615 enotanda
427 573 576 623 duxit,
617 572 771 626 quibus
809 572 848 612 V.
883 572 941 615 Cl.
972 574 1024 614 A.
1057 575 1184 616 Stern
1216 590 1356 630 nuper
1386 593 1496 631 quae
1527 579 1578 619 ab
1610 594 1655 621 eo

162 630 378 684 petieram
408 628 599 668 benevole
631 628 801 683 adjecit.

282 684 373 739 (24)
396 684 437 723 Β
454 685 493 724 4.
513 691 520 712 ¹
568 683 641 723 ΡαἸ
662 685 735 724 ris
751 685 792 724 ie
808 685 915 724 nsis
936 684 1018 726 Nr.
1047 685 1178 726 17:368
1200 686 1356 738 (Notre
1377 687 1515 729 Dame
1541 688 1656 741 127),

169 740 338 780 membr.
358 739 445 792 fol.
476 755 507 779 s.
539 739 662 779 XIII.
696 740 753 779 in.
789 755 878 780 una
908 755 1043 780 manu
1073 748 1329 794 emmaus-²,
1363 745 1567 797 prooeime
1599 745 1659 785 ad

169 795 211 836 Β
244 796 263 834 1
297 802 334 836 et
364 795 389 835 3
420 795 583 836 accedit
613 799 731 847 (cum
760 794 832 835 illo
870 796 915 835 in
948 799 1214 851 anqumentis
1242 797 1346 838 libri
1374 799 1408 838 I.
1439 825 1494 829 —
1526 815 1558 840 c.
1593 800 1656 841 17.

169 852 386 903 convenit,
417 850 475 892 N.
497 850 628 891 Arch.
656 850 682 890 l.
705 849 758 902 l.,·
790 851 922 905 liujus
954 852 1220 907 singularem
1249 853 1314 905 VI,
1344 854 1410 895 58.
1442 855 1658 897 lectionem

162 906 379 961 praebet).

286 961 389 1003 Cum
433 962 650 1003 codicibus
688 961 840 1002 classis
874 961 914 1002 A
955 964 1118 1003 arctius
1159 966 1379 1019 conjuncti
1416 973 1516 1006 sunt
1553 981 1658 1020 quos

167 1018 472 1072 inscripsimus
507 1016 543 1058 C*
566 1023 603 1057 et
634 1017 699 1069 D,
738 1032 920 1072 quorum
960 1019 1103 1073 major
1133 1034 1247 1073 pars
1277 1022 1375 1075 jam
1420 1022 1481 1062 cis
1525 1022 1657 1076 Alpes

171 1080 433 1124 asservatur,
468 1073 607 1127 ibique
638 1074 804 1126 scripta
834 1074 1016 1114 videtur.

284 1129 373 1185 (25)
411 1129 446 1170 ζ’
472 1129 529 1168 *1.
593 1128 1091 1170 C'Izeltenleamensis
1133 1129 1428 1181 (bibliothecae
1470 1148 1496 1172 a
1538 1133 1572 1172 b.
1606 1149 1657 1174 m.

171 1185 315 1225 leom.
345 1184 563 1238 Pbillipps
587 1183 781 1235 relictae)
803 1184 884 1224 AVr.
911 1184 1028 1236 1887,
1062 1185 1158 1225 olim
1176 1184 1222 1226 S.
1256 1185 1467 1228 Vincentii
1498 1188 1656 1229 Meten-

170 1242 253 1290 sis,
291 1246 380 1280 tum
426 1240 526 1280 Coll.
569 1239 895 1281 Claromontani
934 1240 1016 1280 ΝΑ
1057 1239 1158 1292 683,
1189 1248 1342 1295 postea
1382 1243 1657 1285 ssleermanni

35 1300 85 1334 ·p.
110 1295 277 1335 32-*Nr.
302 1295 393 1341 796,
425 1295 591 1335 membr.
624 1310 656 1334 s.
678 1295 751 1334 IX.
783 1309 846 1334 ea?-
878 1295 939 1336 vel
967 1296 1017 1347 X,
1049 1296 1183 1336 solum
1212 1297 1399 1338 Paulum
1430 1301 1655 1339 continetss.

168 1350 349 1392 Initium
382 1352 519 1404 primi
551 1350 655 1390 libri
691 1351 903 1404 (capitum
945 1351 1075 1391 indesc
1113 1357 1149 1391 et
1181 1367 1294 1405 pars
1326 1369 1422 1407 cap.
1458 1354 1493 1393 1.
1524 1380 1578 1384 —-
1609 1368 1658 1395 ea

168 1404 261 1446 loco
294 1405 589 1461 occupassent)
622 1411 747 1460 atque
787 1406 928 1447 ultimi
955 1406 1066 1458 finis
1099 1408 1224 1458 (inde
1256 1423 1283 1447 a
1325 1407 1390 1459 VI,
1421 1408 1486 1448 24.
1517 1423 1655 1449 rever-

168 1461 291 1513 tenti)
330 1461 662 1513 interciderunt,·
717 1461 790 1501 sed
832 1468 981 1515 postea
1021 1468 1209 1515 quatuor
1247 1462 1369 1516 folia
1408 1466 1658 1517 praemissa

170 1523 270 1557 sunt
300 1532 433 1558 manu
465 1532 495 1557 s.
516 1517 638 1557 XIII.
660 1518 839 1571 scripta,
863 1532 971 1572 quae
999 1518 1185 1559 ‘indicem
1206 1520 1346 1573 primi
1365 1519 1468 1560 libri
1489 1535 1583 1561 cum
1607 1521 1658 1562 12

161 1574 327 1627 primis
354 1573 570 1626 capitibus
599 1574 827 1613 continent.
882 1573 1058 1613 Variam
1079 1573 1295 1615 lectionem
1326 1590 1353 1614 a
1383 1575 1657 1617 Bethmanno

170 1629 347 1681 saepius
378 1629 561 1682 frustra
593 1629 832 1682 quaesitam
863 1628 938 1668 hoc
971 1643 1088 1669 anno
1126 1629 1166 1669 V.
1202 1628 1261 1671 Cl.
1292 1630 1427 1670 Pauli
1456 1633 1656 1674 enotavit.

172 1682 313 1725 Codeoe
344 1684 538 1738 quamvis
569 1684 628 1723 ad
657 1684 934 1738 archetypum
957 1684 1146 1724 recedere
1167 1685 1342 1739 ejusque
1367 1686 1412 1726 in
1436 1686 1656 1727 verborum

155 1738 321 1793 formis
364 1739 543 1793 vestiqia
583 1753 754 1779 servare
797 1739 1004 1791 videatur,
1046 1738 1191 1781 multis
1229 1745 1371 1781 tamen
1402 1741 1569 1782 mendis
1599 1748 1657 1782 est

168 1793 423 1835 maculatus.
486 1792 627 1840 Quam
649 1795 851 1847 prooeime
883 1795 941 1834 ad
971 1794 1085 1835 liu-nc
1117 1795 1279 1835 accedit

283 1848 374 1906 (126)
411 1848 447 1890 C
471 1849 507 1888 1.
566 1849 874 1903 Lipsiensis
918 1849 1014 1889 bibl.
1054 1851 1243 1891 civitatis
1281 1851 1323 1902 I,
1361 1851 1436 1902 60,
1486 1852 1652 1892 membr.

167 1904 213 1956 4,
252 1919 284 1944 s.
321 1905 491 1956 IX—X,
529 1918 615 1945 uno
655 1904 819 1945 calamo
852 1905 984 1946 nitide
1015 1907 1227 1958 scriptus,·
1267 1906 1433 1947 litterae
1474 1913 1653 1947 ornatae

167 1959 337 2011 nullae,
373 1974 517 2000 cocum
547 1960 704 2000 divisio
725 1975 895 2000 manca.
945 1960 1089 2001 Primo
1112 1963 1394 2014 quaternione
1417 1962 1652 2016 deperdito,

167 2016 327 2069 incipit
348 2015 382 2066 Ι,
401 2014 466 2055 24.
500 2015 699 2071 (suspiria
720 2029 794 2055 sua
815 2015 1060 2069 continere).
1096 2016 1253 2070 Capita
1280 2017 1345 2067 VI,
1368 2017 1434 2060 552.
1457 2023 1494 2056 et
1513 2016 1580 2058 53.
1604 2019 1650 2059 in

168 2069 280 2111 calce
302 2070 403 2111 libri
423 2070 624 2124 suppleta
645 2077 757 2110 sunt.
796 2070 1028 2111 Librarius
1050 2072 1247 2125 quisquis
1264 2070 1411 2125 fuerit
1433 2071 1654 2126 exemplar

168 2126 282 2179 quod
321 2132 487 2166 secutus
518 2131 577 2166 est
613 2126 721 2166 satis
739 2125 931 2178 fideliter
962 2126 1242 2180 descripsisse
1275 2127 1454 2178 videtur,
1486 2128 1560 2167 sed
1591 2128 1653 2167 ita

166 2187 213 2223 ut
243 2196 474 2222 sermonem
504 2181 709 2221 Latinum
737 2196 904 2234 parum
934 2187 1119 2232 curaret,
1150 2182 1305 2222 nedum
1338 2184 1528 2223 auctoris
1557 2197 1651 2222 sen-

168 2251 262 2276 sum
295 2242 602 2291 assequeretur.
666 2235 764 2283 Qua,
795 2236 844 2276 de
871 2251 915 2276 re
945 2236 999 2289 cf.
1055 2251 1136 2276 uae
1158 2236 1288 2277 Arch.
1322 2237 1412 2289 VII,
1426 2253 1477 2292 p.
1499 2237 1593 2277 317.
1616 2244 1652 2278 et

168 2291 225 2332 N
256 2290 387 2331 Arch.
410 2292 444 2342 I,
468 2307 518 2346 p.
547 2291 641 2331 544.
675 2291 811 2331 allata
841 2297 952 2331 sunt.
1007 2251 1200 2332 &zodioem
1223 2293 1398 2346 primus
1427 2293 1650 2344 Boehmer,

159 2353 316 2401 postea
345 2347 590 2387 Betlzmann
623 2362 716 2387 cum
747 2347 873 2387 editis
902 2346 1197 2399 contulerunt,
1231 2347 1414 2402 denique
1446 2363 1473 2388 α
1504 2348 1650 2389 biblio-

170 2452 204 2494 1)
234 2453 279 2486 N.
307 2453 412 2486 Arck.
439 2453 469 2493 I,
491 2465 530 2495 p.
560 2454 641 2485 543.
670 2455 750 2485 544.
779 2453 812 2485 Β
841 2456 855 2485 1
872 2464 891 2485 a
911 2453 1108 2496 inscriptus.
1210 2452 1247 2495 2]
1275 2454 1407 2487 Eodem
1433 2454 1650 2488 continentur

167 2500 272 2533 Pauli
297 2501 391 2535 Hist.
419 2501 592 2541 Romana,
622 2502 727 2534 Gesla
745 2501 932 2544 Apollonii,
963 2501 1122 2545 Gregorii
1153 2502 1236 2535 Tur.
1274 2501 1371 2535 Vitae
1391 2509 1548 2544 patrum,
1576 2502 1648 2534 Em-

166 2556 284 2591 cerpta
303 2549 496 2590 Pascliasii‚
512 2549 751 2592 Hieronymus
778 2551 819 2582 de
838 2549 1046 2594 viryinitate,
1074 2549 1182 2583 Alani
1200 2549 1476 2593 poenitentialis.
1552 2549 1590 2592 3)
1603 2550 1648 2582 In

167 2603 232 2629 cat.
264 2597 430 2630 librorum
456 2599 530 2631 coll.
562 2597 825 2631 Claromontani
860 2598 974 2631 minus
1002 2604 1089 2631 recte
1115 2598 1166 2631 ita
1193 2597 1418 2631 describitur:
1455 2597 1573 2631 ‘Pauli
1601 2598 1646 2630 D.

167 2645 248 2677 libri
275 2656 334 2677 sea:
361 2657 437 2678 cum
458 2647 684 2689 praefatione
712 2646 855 2680 inedita.
908 2647 954 2679 In
993 2646 1103 2689 capite
1130 2653 1160 2679 et
1188 2646 1223 2678 in
1239 2648 1314 2689 fine
1349 2646 1473 2680 codicis
1499 2647 1648 2679 habetur

166 2692 316 2736 officium
342 2700 549 2726 nocturnum
576 2694 786 2736 epiphaniae
813 2706 888 2726 cum
915 2694 1003 2728 notis
1038 2693 1199 2727 musicis'.
1227 2696 1403 2727 BETHM.
1512 2693 1550 2735 4)
1578 2693 1648 2726 La-

167 2753 292 2773 cunam
315 2741 391 2783 HI,
415 2744 472 2782 34,
501 2754 605 2783 quam
626 2742 677 2774 C*
696 2745 726 2781 1,
756 2755 823 2775 non
842 2755 921 2775 vero
942 2743 970 2775 C
987 2745 1017 2783 1,
1045 2743 1155 2782 habet,
1171 2741 1322 2784 proprio
1343 2743 1457 2774 Marte
1487 2740 1646 2784 eoeplerit.
