1852 3141
112 650 157 683 ’μ
184 654 196 677 1

263 111 330 144 160
468 114 611 146 PAULI
638 114 865 148 HISTORIA
892 116 1336 150 LANGOBARDORUM.
1388 115 1482 147 LIB.
1511 114 1573 146 IV.

260 237 356 263 cum
400 238 605 265 consensu
640 226 749 280 regis
787 232 828 265 et
865 225 1016 266 Gisulfi
1057 227 1175 267 ducis
1191 235 1218 268 ¹.
1288 227 1338 267 In
1369 225 1537 267 Gradus
1575 239 1743 281 quoque

263 279 476 320 ordinatus
498 288 560 320 cst
580 280 781 320 Romanis
796 287 812 306 a
835 280 1121 322 Candidianus
1142 282 1344 323 antistisb.
1393 282 1577 323 Rursum
1599 295 1742 322 mense

262 334 519 376 Novembrio
541 343 581 376 ct
602 335 856 377 Decembrio
875 335 992 377 stella
1014 338 1214 379 cometisc
1236 338 1443 392 apparuit.
1476 336 1739 379 Candidiano

262 405 430 446 quoquc
472 390 690 445 defuncto,
731 399 835 447 aput
875 391 1069 433 Grradosd
1112 393 1327 434 ordinatur
1365 392 1601 447 patriarcha
1640 393 1742 448 Epi-

260 446 452 502 phanius,
486 447 558 501 qui
587 446 722 488 fuerat
751 448 1015 503 primicerius
1044 449 1315 501 notariorum,
1346 447 1398 489 ab
1430 449 1638 504 episcopis
1672 448 1743 504 qui

261 508 401 543 erante
447 502 526 543 sub
558 503 773 545 Romanis.
832 503 911 545 Etf
962 519 1017 546 ex
1060 504 1128 546 illo
1173 512 1362 560 tempore
1403 511 1631 559 coeperunt
1661 504 1742 545 duo

261 573 350 600 esse
381 558 656 613 patriarchae.

203 653 237 677 93
375 621 385 632 ³
399 615 465 655 34.
479 622 496 650 g
545 614 667 656 Hach
684 621 820 657 aetate
836 615 1043 657 Iohannes
1058 624 1071 644 2
1090 615 1320 657 Consinusi
1340 616 1494 656 invasit
1509 614 1743 670 Neapolim.

203 667 399 722 ‘''Queln
431 670 481 711 de
512 671 660 712 eadem
683 672 850 713 civitate
863 673 879 698 ¹‘
912 687 995 713 non
1023 671 1189 713 multosl
1220 678 1315 727 post
1336 671 1424 712 dies
1445 670 1742 712 Eleutheriusm

262 727 462 781 patricius
493 726 654 782 expulit
684 742 865 783 eumque
895 728 1112 770 interfecit.
1170 729 1273 769 Post
1303 728 1406 769 haec
1437 727 1600 769 isdem¹¹
1622 725 1746 767 Eleu-

262 782 418 824 therius
448 784 650 838 patricius
680 783 925 825 eunuc-huso
958 784 1122 839 imperii
1151 784 1241 824 iura
1276 783 1473 838 suscepit.
1533 783 1616 835 Qui
1647 782 1748 822 dum

263 853 287 879 a
321 839 524 880 Ravenna
555 839 734 880 Romam
764 847 970 895 pergeret,
1012 838 1054 880 in
1092 848 1228 881 castro
1258 840 1453 881 Luceolis
1492 854 1517 880 a
1546 837 1746 879 militibus

263 894 502 936 interfectus
548 902 622 948 est,
667 902 877 951 caputque
923 897 1012 937 eius
1049 895 1457 952 Constantinopolim
1502 894 1746 950 imperatori

263 949 446 991 delatum
478 958 551 992 est.

187 1014 247 1049 (36)
375 1007 461 1047 ὃόλ)
520 1006 613 1046 Hac
644 1007 799 1048 etiamq
830 1014 1077 1062 tempestate
1108 1008 1221 1049 misit
1249 1023 1326 1049 rex
1361 1006 1528 1062 Agilulf
1553 1004 1745 1048 Stablici-

263 1070 413 1102 anumr
435 1063 643 1103 notarium
665 1078 788 1103 suum
811 1062 1219 1119 Constantinopolim
1239 1063 1292 1104 ad
1314 1064 1538 1105 Focatcms
1570 1063 1746 1116 impera-

264 1126 408 1158 torem.
481 1119 564 1170 Qui
604 1118 770 1159 rediens
815 1133 911 1159 cum
948 1119 1097 1174 legatis
1141 1120 1418 1175 imperatoris,
1460 1118 1591 1159 factat
1639 1132 1745 1173 pace

263 1172 445 1226 annuali,
482 1173 700 1229 Agilulfou
740 1175 831 1228 regi
860 1175 971 1216 idem
1001 1175 1129 1230 legati
1164 1174 1396 1230 imperialia
1425 1189 1599 1215 munera
1629 1179 1747 1228 optu-

263 1229 387 1270 lerev.

187 1291 247 1325 (37)
374 1286 470 1326 36.w
529 1286 665 1326 Focas
687 1286 827 1340 igitur,
850 1293 896 1328 ut
916 1287 1217 1342 praemissum¹
1239 1294 1313 1338 est,
1337 1286 1521 1327 extincto
1542 1285 1747 1325 Mauricio

264 1343 437 1396 eiusque
495 1340 604 1382 filius
617 1349 648 1394 Y,
694 1342 981 1383 Romanorum
1029 1357 1206 1397 regnum
1260 1341 1484 1394 invadens,
1534 1355 1610 1396 per
1654 1346 1747 1381 octo

264 1411 468 1438 annorum
491 1397 701 1438 curricula
729 1399 989 1453 principatus
1014 1406 1087 1440 est.
1146 1398 1253 1439 Hic³
1288 1403 1462 1452 rogante
1490 1411 1603 1452 papa
1622 1396 1748 1437 Boni-

263 1453 398 1493 facioZ
430 1454 584 1506 statuit,
616 1453 758 1495 sedem
788 1454 1004 1495 Romanae
1035 1461 1076 1495 et
1104 1453 1359 1509 apostolicae
1390 1452 1591 1494 ecclesiae
1622 1457 1749 1507 caput

265 1516 383 1550 essea
415 1510 603 1549 omnium
634 1509 920 1563 ecclesiarum,
952 1511 1050 1566 quia
1080 1510 1257 1552 ecclesia
1284 1507 1748 1564 Constantinopolitana

263 1565 427 1619 primab
459 1580 502 1607 se
533 1565 719 1606 omnium
750 1566 1024 1607 ecclesiarum
1057 1565 1279 1608 scribebat.
1336 1566 1456 1606 Idem
1486 1563 1596 1605 alio⁰
1635 1578 1748 1619 papa

263 1620 481 1662 Bonifacio
527 1628 696 1676 petente
742 1622 884 1675 iussit,
929 1623 971 1662 in
1017 1623 1149 1664 veteri
1186 1622 1282 1662 fano
1333 1621 1447 1677 quod
1488 1619 1749 1676 pantheumd

263 1677 503 1729 vocabatur,
525 1676 674 1718 ablatis
694 1676 912 1719 idolatriae
935 1678 1142 1731 sordibus,
1173 1677 1393 1719 ecclesiam
1414 1677 1561 1718 beatae
1583 1689 1749 1729 semper

264 1733 440 1787 virginis
461 1733 619 1774 Mariae
651 1739 691 1774 et
721 1734 907 1774 omnium
937 1741 1171 1788 martyrum
1201 1733 1303 1785 fieri,
1329 1739 1386 1785 ut,
1408 1731 1509 1773 ubie
1533 1730 1746 1786 quondam

185 612 245 645 (35)

266 1822 295 1854 a)
319 1829 346 1847 a.
379 1822 413 1847 R.
447 1822 473 1846 A
496 1821 535 1847 ¹3.
561 1822 594 1852 5,·
627 1822 781 1847 Romanus
815 1823 841 1847 A
863 1821 903 1847 ⁸2.
927 1823 951 1847 Β
976 1825 1000 1847 1.
1023 1823 1050 1847 D
1075 1824 1119 1848 la.
1140 1823 1176 1848 E.
1198 1822 1230 1847 F.
1254 1821 1293 1852 (ἴς
1326 1822 1397 1845 deese
1429 1823 1452 1846 B
1477 1822 1520 1845 la.
1547 1821 1571 1845 52.
1653 1818 1683 1851 b)
1708 1820 1747 1843 ita

265 1861 292 1885 A
316 1863 340 1885 1.
366 1862 391 1886 2.
414 1861 437 1885 F
462 1863 493 1891 1;
516 1862 642 1886 antestis
666 1861 691 1885 G
717 1863 748 1892 13
772 1863 916 1887 antistitis
940 1862 961 1887 C
986 1863 1010 1886 1.
1101 1861 1127 1893 c)
1152 1861 1268 1886 comitis
1291 1861 1315 1885 A
1339 1859 1376 1885 ⁸2.
1408 1861 1430 1885 E
1456 1861 1480 1884 1.
1502 1860 1525 1883 F
1550 1861 1571 1883 1.
1600 1857 1624 1883 G
1650 1860 1674 1883 1.
1699 1857 1746 1889 '23

266 1903 398 1925 comates
423 1900 447 1924 G
470 1902 501 1931 33
535 1904 666 1925 cometes
691 1899 712 1925 C
737 1902 760 1924 1.
787 1900 811 1925 G
836 1902 860 1933 2,
884 1901 942 1926 alii,
1045 1899 1074 1932 d)
1098 1901 1138 1924 ita
1161 1901 1210 1924 hoc
1231 1901 1290 1924 loco
1314 1899 1337 1923 A
1364 1901 1388 1925 1.
1413 1898 1451 1926 ’2.
1476 1900 1501 1925 2.
1526 1898 1552 1923 3.
1576 1898 1602 1924 4.
1626 1897 1652 1922 5.
1676 1897 1698 1922 C
1722 1899 1747 1923 1.

266 1939 292 1963 D
318 1940 342 1965 1.
364 1939 386 1963 F
411 1941 435 1963 1.
460 1938 485 1963 G
501 1940 524 1965 1.
550 1937 587 1964 ’2.
611 1940 645 1969 4;
670 1938 787 1964 Gradus
810 1940 836 1964 D
860 1940 886 1965 3.
912 1940 937 1965 G
953 1941 976 1964 2.
1000 1939 1026 1971 3,
1048 1940 1116 1971 alii3
1140 1939 1290 1964 Gradibus
1315 1938 1336 1964 C
1352 1940 1376 1963 2.
1459 1936 1485 1968 c)
1511 1940 1573 1962 erat
1595 1936 1659 1961 A2.
1684 1937 1745 1961 ΓΞ.

267 1977 288 2009 f)
312 1979 358 2003 Ex
380 1978 432 2003 illo
456 1986 587 2009 namque
608 1979 631 2003 B
658 1980 688 2009 l?
711 1982 740 2003 ct
760 1980 833 2004 deest
854 1978 880 2003 A
904 1980 928 2004 2.
1031 1978 1060 2010 g)
1083 1979 1133 2003 hoc
1163 1986 1225 2010 cap.
1251 1986 1303 2003 om.
1326 1977 1353 2002 A
1376 1976 1414 2001 ⁸4.
1515 1976 1545 2008 h)
1569 1977 1633 2001 Hac
1656 1976 1747 2001 etiam

267 2023 292 2042 a.
322 2019 345 2042 B
370 2018 396 2041 1.
500 2017 520 2049 i)
543 2018 683 2042 Confines
717 2018 738 2043 C
764 2020 788 2044 1.
814 2019 839 2043 2.
873 2019 900 2043 D
923 2017 980 2043 “3:1.
1013 2018 1027 2042 Ι
1052 2020 1082 2047 1;
1116 2018 1259 2043 Confinus
1280 2017 1307 2041 D
1333 2019 1366 2047 l?
1399 2016 1533 2041 Confinis
1556 2016 1582 2040 D
1607 2015 1639 2045 33
1670 2022 1746 2039 corr.

268 2056 351 2081 Cors.
376 2057 396 2080 F
422 2058 446 2080 1.
528 2056 558 2087 k)
583 2057 734 2081 civitatem
758 2058 778 2082 C
802 2056 840 2081 ‘l.
865 2059 888 2083 1.
969 2056 990 2088 l)
1015 2057 1109 2082 multo
1130 2058 1153 2081 F
1178 2058 1203 2082 1.
1228 2056 1254 2081 G
1277 2058 1302 2081 1.
1325 2057 1352 2082 4.
1375 2056 1412 2080 53.
1446 2055 1527 2087 (deest
1551 2053 1642 2086 dies);
1666 2062 1694 2079 n.
1718 2061 1747 2085 p.

267 2103 305 2121 m.
328 2096 353 2121 d.
376 2095 402 2120 A
425 2094 465 2121 '3.
545 2096 586 2126 m)
609 2096 708 2121 Eleth.
733 2097 754 2120 F
778 2099 810 2127 13
834 2097 880 2121 El.
895 2111 927 2115 —
942 2097 1014 2121 Post
1035 2097 1110 2121 haec
1132 2097 1187 2121 122⁸.
1210 2097 1234 2120 B
1260 2097 1283 2120 1.
1309 2096 1343 2125 2;
1365 2095 1412 2120 El.
1429 2094 1569 2119 ——isdem
1591 2094 1647 2118 des.
1673 2092 1698 2117 G
1719 2093 1750 2117 4.

268 2134 298 2167 n)
322 2135 437 2160 hisdem
460 2135 482 2159 F
508 2136 531 2160 1.
557 2135 582 2159 G
606 2137 635 2165 l;
659 2136 739 2161 idem
760 2136 787 2160 D
812 2136 837 2167 3,
859 2136 918 2160 alii.
1010 2135 1039 2167 o)
1062 2135 1218 2160 heunchus
1241 2135 1262 2160 C
1277 2136 1303 2159 l.
1383 2133 1413 2165 p)
1437 2134 1486 2157 hoc
1507 2140 1569 2164 cap.
1593 2140 1645 2158 om.
1668 2131 1746 2157 A'4.

269 2173 298 2206 q)
321 2175 393 2198 deest
415 2175 438 2199 B
464 2175 488 2200 1.
571 2174 594 2205 r)
619 2174 841 2200 Stabilicanum
864 2175 890 2200 A
913 2175 945 2205 33
975 2174 1248 2207 Stabilic(t)ianum
1269 2174 1293 2198 B
1319 2175 1342 2197 1.
1369 2174 1393 2197 2.
1418 2173 1439 2196 F
1462 2172 1494 2203 ὃς
1527 2172 1747 2197 Stablisianum

268 2214 290 2237 F
315 2214 339 2238 12.
362 2214 389 2238 4.
414 2213 439 2237 G
463 2215 490 2238 1.
514 2213 560 2238 5a.
576 2220 607 2244 c3
642 2213 871 2246 Stabilisianun]
895 2213 921 2239 G
943 2214 968 2239 3.
992 2214 1026 2244 43
1059 2214 1261 2239 stabilianum
1292 2220 1367 2237 corr.
1402 2211 1630 2236 Stabilisianum
1664 2210 1689 2235 G
1713 2212 1748 2242 23

208 2277 212 2281 ,
269 2251 478 2277 Stabieianum
500 2253 526 2276 D
551 2254 575 2276 1,
666 2252 690 2285 s)
714 2254 862 2278 Focaccm
884 2253 910 2277 A
933 2253 958 2279 Ξ).
980 2254 1003 2277 F
1028 2255 1054 2279 1.
1086 2252 1111 2278 G
1135 2254 1158 2276 1.
1185 2253 1210 2277 3.
1233 2253 1260 2277 4.
1370 2250 1392 2283 t)
1415 2251 1526 2275 factam
1548 2257 1655 2282 pacem
1676 2250 1699 2274 F
1723 2251 1748 2274 1.

269 2292 299 2325 u)
324 2293 358 2317 A.
382 2299 395 2315 r
428 2292 484 2317 cles.
507 2292 530 2316 B
556 2293 581 2316 1.
607 2293 649 2318 la.
740 2292 769 2324 v)
795 2292 944 2324 optuleret
964 2293 987 2317 F
1012 2294 1036 2317 1.
1119 2292 1157 2324 w)
1180 2292 1229 2316 hoc
1257 2298 1319 2322 cap.
1343 2298 1395 2315 om.
1420 2291 1445 2315 Α
1468 2289 1507 2315 ’4.
1596 2288 1626 2321 x)
1651 2295 1746 2320 prom.

269 2331 294 2355 A
318 2332 349 2362 ἒς
372 2331 534 2362 premissus
556 2331 579 2356 F
604 2332 629 2356 1.
710 2330 740 2364 y)
763 2332 804 2356 ita
826 2332 852 2356 A
875 2334 899 2356 1.
924 2330 964 2358 ⁸2.
987 2333 1011 2356 2.
1033 2332 1060 2357 4.
1084 2332 1110 2356 D
1136 2333 1160 2357 1.
1181 2331 1205 2356 Ε
1231 2332 1255 2355 1.
1278 2331 1300 2354 F
1325 2331 1349 2354 1.
1375 2329 1400 2355 G
1425 2330 1512 2360 1-4;
1535 2329 1613 2353 filios
1634 2328 1658 2353 B
1674 2328 1746 2359 1.2;

271 2370 332 2395 filio
354 2370 377 2394 F
401 2369 445 2400 ‘23
469 2370 539 2395 filiis
562 2371 588 2395 A
610 2371 635 2396 2.
657 2371 684 2395 D
709 2372 737 2397 2.
759 2372 785 2397 3.
877 2372 905 2404 z)
928 2371 1034 2396 Bonef.
1058 2371 1081 2395 B
1107 2372 1149 2397 la.
1174 2371 1199 2396 2.
1223 2369 1244 2395 C
1269 2371 1293 2394 1.
1316 2370 1353 2394 D.
1379 2372 1399 2390 (ἰ
1427 2370 1453 2393 1.
1474 2369 1502 2395 4.
1525 2368 1538 2392 Ι
1562 2370 1588 2392 l·
1613 2380 1646 2385 -·
1669 2374 1750 2398 papa

269 2409 340 2433 deest
364 2409 389 2434 G
412 2410 436 2434 3.
528 2408 558 2441 a)
581 2413 658 2434 esset
678 2410 701 2434 F
726 2412 751 2436 1.
842 2409 872 2443 b)
894 2411 935 2435 ita
957 2410 982 2435 A
1006 2412 1031 2434 1.
1055 2408 1094 2435 ⁸2.
1119 2410 1143 2435 2.
1171 2410 1196 2434 Β
1221 2411 1246 2434 1.
1280 2408 1302 2434 C
1326 2410 1352 2435 1.
1380 2409 1406 2432 D
1432 2409 1455 2433 1.
1477 2408 1502 2432 E
1527 2409 1550 2431 1.
1574 2407 1597 2431 F
1621 2408 1646 2430 1.
1671 2405 1697 2431 G
1721 2407 1747 2430 l.

270 2446 310 2473 ⁸2.
337 2450 367 2479 23
389 2449 516 2480 primam
538 2448 564 2473 A
587 2449 612 2474 3.
638 2450 663 2474 D
688 2450 713 2474 2.
738 2449 764 2481 3,
786 2450 845 2476 alii.
926 2447 952 2481 c)
974 2450 1066 2474 etiam
1089 2448 1110 2474 C
1135 2450 1158 2473 1.
1184 2449 1208 2473 2.
1231 2448 1259 2472 H
1283 2449 1308 2473 1.
1331 2447 1344 2471 1
1360 2449 1391 2477 1;
1419 2447 1490 2471 deest
1512 2445 1588 2471 1³²2.
1613 2459 1646 2463 —
1669 2451 1751 2477 papa

270 2488 340 2511 deest
364 2487 398 2512 (ζῦ.
491 2487 520 2519 d)
545 2491 688 2519 panteum
711 2488 733 2514 C
759 2491 783 2515 1.
809 2488 835 2514 G
859 2490 889 2520 ‘2;
911 2489 1057 2520 panthum
1079 2488 1103 2513 A
1127 2488 1160 2518 33
1191 2487 1346 2518 pantheon
1368 2487 1391 2511 B
1417 2487 1444 2511 1.
1469 2499 1502 2504 -
1526 2485 1654 2510 vocabat
1675 2491 1749 2508 corr.

271 2527 420 2552 vocabant
442 2527 463 2552 C
489 2528 513 2559 1,
536 2531 559 2551 ec
580 2528 621 2552 ita
642 2528 656 2552 Ι
680 2529 705 2553 1.
788 2527 815 2559 e)
839 2528 882 2552 ibi
904 2527 930 2552 A
955 2529 985 2559 15
1009 2530 1038 2552 et
1059 2527 1109 2552 ubi
1131 2526 1157 2551 A
1180 2525 1218 2551 2?
1242 2525 1267 2551 G
1289 2526 1315 2550 4.

274 2603 308 2639 1)
339 2601 389 2643 Cf.
416 2603 589 2635 Johaomis
617 2601 727 2644 epist„
754 2602 935 2634 Baronius
971 2614 1005 2635 a.
1033 2603 1100 2634 605
1138 2602 1276 2644 (Troya
1304 2601 1403 2641 282),
1439 2605 1469 2633 et
1505 2599 1629 2631 Chron.
1658 2597 1747 2629 Gra-

272 2650 375 2682 dense
402 2651 498 2692 infra
538 2651 722 2683 edendum.
839 2650 877 2693 2)
904 2651 1002 2683 Haec
1040 2661 1080 2682 ecc
1121 2650 1162 2682 G.
1198 2656 1295 2692 pont.
1322 2649 1456 2681 Deusd.
1492 2652 1521 2679 et
1551 2646 1671 2687 Bomjf.
1707 2645 1745 2677 V.

274 2697 326 2739 Cf.
355 2698 449 2730 Cont.
476 2699 600 2740 Prosp.
628 2711 663 2740 p.
692 2701 748 2739 37,
781 2699 841 2741 qui
867 2704 897 2731 et
933 2699 1017 2731 alibi
1050 2710 1124 2731 cum
1152 2698 1263 2731 Gestis
1291 2703 1390 2740 pont.
1427 2694 1598 2734 convenia·
1625 2693 1749 2727 ιῙασοόἱ

267 2758 305 2788 p.
335 2747 390 2779 53.
491 2748 528 2790 3)
554 2748 612 2779 Ea:
638 2747 759 2780 Bedae
785 2748 900 2780 claron.
