1852 3141
269 112 413 145 PAULI
440 110 668 144 HISTORIA
695 110 1139 144 LANGOBARDORUM.
1191 111 1285 143 LIB.
1313 112 1374 144 IV.
1502 112 1568 143 149

91 222 362 265 excellentiae
413 229 577 263 vestrae
630 220 874 275 referimus,
930 222 1028 277 quia
1079 222 1332 277 peticionem
1382 228 1569 264 nostram

90 279 319 331 audientes,
357 292 518 332 pacem,
564 284 699 332 quaea
737 278 925 333 utrisque
966 284 1075 319 esset
1112 278 1302 333 partibus
1337 278 1569 334 profutura,

90 335 196 375 sicut
226 333 277 374 de
306 333 428 374 vobis
454 333 779 374 confidentiamb
810 332 1049 385 habuimus,
1083 333 1305 375 ordinastis
1317 342 1344 374 0.
1385 334 1455 375 Ex
1487 349 1570 389 qua

88 404 133 430 re
164 388 435 430 excellentiae
465 395 627 430 vestrae
648 388 948 443 prudentiamd
980 396 1020 430 et
1049 389 1298 431 bonitateme
1328 388 1452 432 valde
1481 389 1568 431 lau-

88 444 257 497 damus,
302 445 403 500 quia
446 459 593 499 pacem
638 443 870 499 diligendo,
914 445 1084 485 Deumf
1138 460 1232 498 vos,
1279 447 1350 500 qui
1397 452 1569 486 auctor&

88 501 220 555 ipsius
242 506 316 552 est,
346 515 499 552 amare,
530 500 782 540 monstratis.
832 500 940 540 Nam
962 501 1008 552 si,
1041 500 1173 556 quod¹¹
1205 500 1326 554 absit,
1355 501 1465 542 facta
1483 516 1569 542 non

86 556 246 608 fuisset,
285 555 408 611 quidi
453 557 524 611 agi
562 555 721 607 habuit,
762 555 839 595 nisi
869 562 915 596 ut
955 570 1051 596 cum
1085 565 1259 611 peccato
1301 564 1341 598 et
1378 556 1567 612 periculo

86 612 272 667 partium
292 612 538 652 miserorum
559 612 813 652 rusticorum
835 612 1018 665 sanguis,
1041 626 1220 666 quorum
1240 611 1360 653 labor
1379 614 1568 668 utrisque

86 667 267 722 proficit,
298 666 569 708 funderetur?
628 665 712 707 Sed
742 673 787 706 ut
807 666 1046 721 prodessetk
1068 667 1188 707 nobis
1210 668 1386 708 eandem
1407 683 1567 723 pacem,

89 723 442 777 quemadmodum
465 737 490 762 a
511 722 630 763 vobis
658 721 769 762 facta
795 730 869 773 est,
901 723 1141 774 sentiamus,
1171 729 1346 777 paterna
1377 724 1566 765 caritate¹

85 777 312 819 salutantes
346 778 542 833 petimus,
573 784 629 829 ut,
662 777 853 832 quotiens
882 778 1048 818 occasio
1079 787 1152 819 sem
1184 778 1355 830 dederit,
1387 778 1567 820 (lucibus

86 834 233 874 vestris
262 849 337 889 per
366 833 533 874 diversa
561 832 654 873 loca
684 840 724 874 et
744 833 929 874 maxime
959 834 1002 873 in
1031 832 1095 874 his
1116 834 1308 889 partibus
1330 836 1566 876 constitutis

86 892 235 931 vestris
265 889 532 943 praecipiatis
554 888 754 943 epistolis,
786 894 831 928 ut
860 887 967 928 hanc
988 903 1149 944 pacem,
1183 890 1292 930 sicut
1311 891 1567 945 promissum

83 952 157 997 est,
188 952 322 1000 puren
352 944 607 993 custodiant,
641 952 681 985 et
719 945 962 985 occasiones
994 945 1077 985 sibi
1117 945 1280 1001 aliquas
1320 961 1404 986 non
1442 961 1567 1001 quae-

82 1006 187 1052 rant,
228 1000 339 1041 unde
378 1007 452 1041 aut
482 1000 692 1041 contentio
736 999 942 1055 quaedam
974 1007 1047 1041 aut
1076 1001 1335 1055 ingratitudo
1356 1010 1567 1055 nascatur,

84 1062 288 1110 quatenus
319 1054 524 1096 voluntati
550 1062 712 1096 vestrae
742 1070 867 1110 agere
897 1057 1054 1111 gratias
1073 1056 1303 1098 valeamus.
1361 1058 1565 1098 Latores⁰

82 1125 180 1152 vero
219 1112 503 1166 praesentium
542 1110 796 1162 litterarum,
838 1112 947 1152 sicut
981 1127 1127 1153 revera
1166 1113 1355 1154 homines
1391 1120 1570 1166 vestros,

81 1167 124 1206 in
165 1181 213 1208 eo
253 1167 391 1222 quodp
432 1167 579 1208 debuit
615 1167 797 1208 affectup
829 1168 1113 1222 suscepimus,
1155 1169 1254 1223 quia
1283 1169 1442 1209 iustum
1472 1169 1566 1222 fuit,

81 1228 128 1263 ut
156 1222 294 1263 viros‘l
327 1223 534 1278 sapientes
565 1228 605 1264 et
636 1223 730 1277 quir
761 1237 910 1277 pacem
940 1224 1094 1265 factam
1124 1223 1218 1265 Deo
1247 1225 1431 1280 propitio
1462 1239 1564 1265 nun-

80 1278 237 1319 tiarunt
274 1292 369 1318 cum
398 1279 596 1319 caritates
630 1285 670 1319 et
699 1279 913 1333 suscipere
943 1286 983 1320 et
1013 1279 1221 1321 dimittere
1249 1279 1522 1321 deberemus’.

193 1334 255 1375 10.
327 1334 442 1375 Inter
477 1333 580 1374 haec
612 1335 802 1388 sequenti
840 1349 981 1375 mense
1010 1335 1208 1376 Ianuario
1249 1337 1410 1390 paruitt
1446 1337 1564 1378 stella
1578 1329 1658 1395 ἓξὲξ

82 1389 283 1430 cometisu
314 1403 436 1430 mane
477 1395 517 1430 et
544 1404 718 1443 vespere
748 1404 824 1444 per
853 1398 985 1431 totum
1029 1405 1228 1431 mensem.
1287 1391 1352 1432 Eo
1393 1407 1562 1448 quoque
1648 1389 1654 1394 '

81 1459 224 1486 mense
287 1445 506 1486 defunctus
566 1452 628 1486 est
671 1444 879 1486 Iohannes
931 1445 1274 1502 archiepiscopus
1322 1447 1562 1490 Ravennae.

82 1499 214 1542 Cuius
244 1500 288 1540 in
325 1499 465 1541 locum
496 1500 740 1541 Marianusv
780 1501 920 1542 civisw
951 1502 1166 1543 Romanus
1198 1502 1452 1544 substitutus
1483 1510 1560 1546 est.

78 1619 108 1652 a)
132 1628 222 1651 quam
246 1628 273 1646 u.
298 1628 363 1645 esse
386 1628 414 1651 p.
448 1620 597 1645 credimus
620 1622 807 1652 profuturam
832 1621 863 1646 C.
885 1622 922 1645 D.
1015 1621 1045 1653 b)
1069 1622 1252 1647 confidentia
1273 1623 1296 1647 F
1321 1625 1345 1647 1.
1436 1622 1463 1655 c)
1487 1625 1563 1648 ordi-

79 1660 159 1684 nasti
181 1660 206 1684 A
230 1660 259 1690 23
283 1660 429 1684 ordinatis
452 1660 479 1683 D
502 1660 527 1684 2.
553 1659 578 1683 G
602 1662 627 1686 1,
729 1660 758 1691 (l)
782 1661 946 1691 prudentia
979 1662 1001 1685 F
1027 1663 1050 1685 1.
1076 1661 1100 1685 G
1124 1662 1150 1686 3.
1253 1661 1281 1693 e)
1305 1663 1466 1688 veritatem
1489 1664 1512 1687 F
1536 1665 1563 1688 1.

77 1698 101 1731 f)
124 1700 196 1723 deest
229 1702 255 1727 G
278 1700 304 1724 2.
328 1699 411 1725 bac.
512 1698 540 1729 g)
566 1702 702 1723 auctores
735 1700 754 1723 i.
789 1701 860 1724 estis
893 1699 928 1726 G.
1029 1699 1059 1731 h)
1081 1703 1111 1724 ut
1143 1701 1166 1724 F
1191 1702 1216 1725 1.
1330 1700 1350 1732 i)
1374 1702 1454 1732 quod
1485 1702 1511 1726 A
1535 1704 1562 1727 2.

78 1736 111 1770 k)
133 1738 174 1762 ita
192 1745 247 1768 pro
280 1738 422 1769 prodesse
453 1737 478 1761 A
503 1738 528 1762 1.
552 1735 592 1762 '2.
619 1740 643 1763 2.
668 1738 694 1763 3.
718 1738 744 1763 4.
768 1739 791 1762 Β
818 1740 860 1765 la.
886 1740 911 1764 2.
937 1739 958 1764 C
983 1741 1007 1764 1.
1030 1740 1057 1763 D
1083 1741 1108 1764 1.
1131 1740 1154 1764 F
1177 1742 1202 1764 1.
1227 1739 1251 1764 G
1276 1741 1358 1764 1-4,
1380 1741 1465 1767 5a.c.
1487 1742 1515 1766 H
1539 1744 1564 1766 1.

80 1777 93 1802 1
118 1779 144 1809 1,
167 1777 243 1808 quod
258 1778 327 1808 quin
350 1778 379 1800 in
412 1777 562 1808 archetypo
588 1777 694 1808 suerit,
727 1778 853 1801 nubium-i
873 1779 988 1809 nequit,
1025 1782 1181 1810 propesset
1202 1779 1225 1803 F
1247 1779 1281 1809 4;
1305 1780 1447 1810 prodesse
1469 1782 1561 1808 ceteri,

78 1815 100 1849 1)
121 1823 173 1841 vos
192 1819 257 1847 post
279 1816 344 1842 add,
367 1815 391 1840 G
416 1817 441 1841 1.
534 1814 574 1847 m)
598 1817 758 1841 occasione
789 1817 817 1841 «l.
840 1816 865 1841 Α
890 1820 914 1842 2.
1016 1818 1047 1848 n)
1071 1825 1143 1849 pore
1165 1825 1238 1842 corr.
1271 1826 1463 1850 summopore
1484 1820 1506 1843 F
1531 1821 1562 1851 13

79 1862 156 1887 pure
179 1863 253 1881 corr.
286 1861 479 1886 summopere
502 1854 527 1879 G
552 1856 576 1879 1.
670 1854 699 1887 o)
723 1855 784 1880 lata
805 1855 831 1880 A
855 1855 893 1881 ¹12.
919 1857 946 1880 2.
971 1857 997 1881 3.
1018 1858 1035 1880 4
1070 1858 1113 1883 (ιίε
1134 1857 1159 1881 A
1185 1861 1197 1882 1
1232 1865 1291 1881 non
1322 1857 1454 1890 constat).
1488 1860 1510 1883 F
1536 1861 1561 1884 1.

80 1894 105 1919 G
130 1896 144 1919 1
169 1894 255 1927 (corr.
277 1893 386 1926 lecta);
419 1894 498 1920 lecta
519 1894 544 1918 A
566 1894 592 1919 5.
617 1895 649 1925 ὃς
682 1895 744 1919 lota
767 1896 792 1919 G
816 1896 841 1919 3.
865 1896 898 1926 43
931 1896 982 1920 leti
1004 1896 1026 1919 F
1051 1895 1095 1927 ‘23
1127 1897 1254 1921 latorem
1289 1896 1313 1921 G
1337 1898 1387 1927 5c3
1417 1898 1560 1923 allatores

79 1933 102 1959 C
126 1935 150 1960 1.
174 1934 188 1958 Ι
212 1935 242 1964 1;
265 1934 416 1959 ablatores
440 1933 461 1958 C
484 1934 516 1963 23
539 1936 622 1958 tauta
643 1935 666 1959 B
692 1935 716 1959 2.
739 1934 771 1965 33
794 1935 904 1959 latores
926 1936 963 1959 D.
987 1935 1035 1959 Fl
1061 1944 1073 1959 e
1095 1943 1169 1960 corr.
1195 1935 1221 1960 G
1244 1936 1258 1960 2
1281 1943 1294 1960 e
1315 1944 1389 1961 corr.
1414 1938 1459 1961 5a.
1483 1937 1510 1962 H
1535 1939 1561 1964 1.

78 1973 92 1997 I
116 1973 142 2005 2,
164 1973 240 2004 quod
261 1974 421 2005 recepimus,
444 1973 571 2003 quamvis
592 1976 770 1997 correcturae
792 1974 884 1998 deberi
904 1975 1043 1999 videatur.
1126 1975 1157 2006 p)
1181 1981 1238 2005 quo
1262 1976 1286 2000 A
1308 1976 1332 2000 2.
1356 1977 1383 2000 D
1407 1976 1433 2001 2.
1458 1976 1482 2000 3.
1506 1977 1559 2002 ll.

80 2026 113 2030 -
137 2012 238 2036 decuit
259 2012 281 2037 C
304 2012 330 2037 3.
353 2012 402 2038 4b.
427 2010 451 2036 G
475 2011 560 2036 5a.c.
583 2012 596 2035 I
620 2013 653 2043 13
676 2012 835 2037 debuimus
858 2013 871 2037 1
894 2014 920 2038 2.
945 2027 977 2031 -
1002 2013 1141 2038 affectum
1164 2014 1186 2038 F
1212 2016 1241 2044 l?
1264 2014 1402 2039 effectum
1427 2015 1452 2040 G
1477 2017 1502 2040 1.
1527 2017 1560 2047 23

78 2050 203 2076 affectus
227 2050 252 2076 G
274 2052 300 2076 4.
326 2051 337 2075 1
361 2051 387 2076 3.
471 2050 500 2082 q)
521 2051 658 2075 homines
682 2051 703 2076 C
722 2052 746 2076 1.
771 2052 798 2080 2.
869 2051 904 2084 ·r)
928 2053 999 2083 quia
1023 2052 1047 2077 G
1062 2054 1087 2078 1.
1112 2054 1138 2078 2.
1161 2053 1187 2078 3.
1270 2052 1295 2085 s)
1318 2055 1473 2079 caritatem
1496 2055 1518 2079 F
1533 2057 1557 2079 1.

79 2088 102 2120 t)
125 2090 167 2114 ica
197 2089 223 2114 A
247 2091 273 2115 1.
296 2088 336 2115 ⁸2.
361 2091 376 2114 2
410 2088 495 2122 (corr.
527 2090 690 2122 apparuit).
723 2091 750 2114 4.
775 2091 800 2115 5.
824 2091 846 2115 P
871 2093 895 2119 1.
931 2092 957 2117 G
982 2093 1007 2118 1.
1031 2093 1064 2123 23
1097 2093 1237 2123 apparuit
1258 2094 1348 2118 ceteri.
1383 2108 1414 2111 -
1440 2094 1558 2118 stellam

79 2128 102 2152 F
126 2130 152 2155 1.
176 2128 201 2153 G
225 2130 249 2154 1.
329 2128 360 2160 u)
385 2131 517 2153 comatos
540 2128 565 2153 G
588 2130 620 2159 33
644 2133 773 2154 cometes
794 2130 821 2155 D
845 2131 875 2161 23
899 2134 1061 2156 commetes
1084 2131 1105 2157 C
1130 2133 1154 2156 1.
1180 2131 1205 2156 G
1228 2133 1271 2158 ὃς.
1353 2132 1381 2164 v)
1405 2133 1559 2157 Marianos

78 2166 105 2191 A
128 2168 159 2198 23
181 2168 358 2192 Maurianus
382 2167 407 2191 G
430 2168 460 2198 23
482 2168 672 2192 Mariuianus
694 2169 721 2193 D
745 2169 770 2194 3.
861 2168 900 2202 w)
924 2171 1005 2195 cives
1028 2171 1053 2195 A
1069 2168 1110 2195 ‘2.
1134 2173 1161 2196 4.
1185 2171 1211 2194 D
1227 2173 1251 2196 1.
1275 2172 1299 2196 E
1316 2173 1340 2196 1.
1366 2172 1387 2196 F
1403 2174 1415 2196 1
1441 2171 1559 2204 (cibos).

82 2206 107 2231 G
132 2207 221 2236 1-43
244 2213 348 2231 cerves
371 2207 445 2230 civis
469 2206 492 2231 G
517 2206 567 2238 503
590 2207 660 2231 deese
684 2208 709 2232 D
734 2208 760 2232 2.

82 2306 280 2344 erogantur,
319 2308 357 2335 ut
381 2304 472 2336 inter
512 2315 570 2337 eos
609 2306 726 2337 vivere
765 2307 949 2348 possimus,
988 2309 1212 2349 suggerenda
1250 2320 1318 2341 non
1345 2314 1434 2342 sunt.
1488 2310 1559 2342 Sed

83 2352 238 2383 breviter
262 2352 393 2391 indico,
432 2353 524 2394 quia,
564 2355 655 2385 sicut
694 2355 729 2385 in
768 2355 959 2387 Ravennae
1000 2357 1157 2398 partibus
1186 2357 1403 2390 dominorum
1445 2359 1558 2400 pietas

83 2399 177 2442 apud
204 2399 353 2443 primum
388 2402 579 2433 exercitum
608 2401 735 2433 Italiae
776 2402 1000 2435 sacellarium
1040 2404 1157 2444 habet,
1187 2407 1244 2447 qui
1286 2408 1400 2437 causis
1439 2417 1558 2448 super-

80 2448 301 2480 venientibus
328 2449 550 2490 quotidianas
588 2460 758 2492 expensas
792 2451 912 2492 faciat,
944 2453 993 2484 ita
1021 2454 1114 2484 etin
1148 2453 1214 2484 hac
1244 2455 1328 2485 urbe
1367 2465 1407 2486 ex
1442 2457 1558 2488 causis

82 2497 210 2529 talibus
239 2506 357 2529 eorum
384 2497 592 2530 sacellarius
620 2509 685 2540 ego
705 2510 791 2531 sum.
844 2500 890 2532 Et
916 2504 1034 2532 tamen
1060 2502 1150 2533 haec
1179 2502 1342 2542 ecclesia,
1371 2513 1461 2544 quae
1488 2514 1557 2536 uno

82 2545 277 2587 eodemque
303 2549 459 2588 tempore
488 2545 637 2586 clericis,
670 2550 903 2588 monasteriis,
943 2551 1165 2592 pauperibus,
1200 2550 1330 2593 populo
1365 2556 1470 2593 atque
1505 2553 1556 2583 in-

81 2604 186 2637 super
212 2594 457 2636 Longobardis
483 2599 556 2627 tam
595 2596 704 2628 multa
740 2596 979 2630 indesinenter
1019 2598 1196 2641 expendit,
1236 2610 1320 2631 ecce
1359 2600 1474 2632 adhuc
1515 2612 1556 2632 cx

82 2644 235 2675 omnium
263 2643 492 2676 ecelesiarum
526 2644 694 2687 premitur
725 2645 914 2678 afflictione
951 2652 1007 2679 etc.
1063 2646 1237 2686 Quantum
1264 2659 1342 2680 vero
1370 2648 1498 2681 laboris
1526 2655 1557 2682 et

82 2689 191 2724 studii
207 2691 412 2733 impenderit
430 2703 457 2724 3.
470 2691 633 2735 pontisem
653 2693 699 2726 ad
718 2704 806 2732 eam,
822 2694 1068 2727 reluctantibus
1088 2696 1242 2736 Graecis,
1271 2697 1556 2739 comparandam,

77 2740 200 2781 plures
228 2739 320 2772 aliae
346 2738 502 2773 indicant
529 2741 703 2784 epistolae,
730 2754 818 2786 quas
846 2743 983 2786 Zonyum
1011 2751 1094 2777 essct
1122 2744 1175 2777 hic
1199 2743 1355 2778 recitare.
1406 2747 1469 2780 BI.
