1852 3141
111 1270 161 1304 ⁸p.
187 1273 251 1298 110.

262 137 329 168 148
456 135 603 166 PAULI
633 134 862 167 HISTORIA
890 133 1338 167 LANGOBARDORUM.
1392 134 1485 167 LIB.
1515 135 1576 167 IV.

259 255 402 289 vestra
439 245 739 287 confidendum
778 244 869 296 fuit,
901 244 981 284 nisi
1020 245 1119 299 quia
1156 246 1199 284 in
1236 259 1362 286 causa
1402 246 1519 302 pacis
1559 245 1746 287 laborem

259 311 300 346 et
336 303 566 344 bonitatem
604 308 787 342 vestram
827 298 1022 340 omnibus
1061 302 1346 342 monstraretis
1359 307 1389 340 a·
1453 301 1577 343 Unde
1617 302 1748 343 omni-

259 359 419 415 potenti
435 357 528 398 Deo
559 357 715 411 gratias
745 356 923 411 agimus,
954 356 1025 411 qui
1036 356 1052 382 ¹³
1083 356 1141 397 ita
1163 370 1233 396 cor
1254 362 1442 397 vestrum
1469 372 1543 397 sua
1564 359 1744 412 pietatec

258 416 379 469 regit,
410 420 468 465 ut,
499 413 609 454 sicut
638 411 766 453 fidem
790 418 950 452 rectam
980 411 1138 463 tribuit,
1169 412 1227 452 ita
1258 426 1426 467 quoque
1456 412 1632 468 placitad
1664 414 1743 454 sibi

259 484 334 511 vos
374 483 541 524 semper
581 468 745 523 operari
782 467 1025 508 concedatss.
1090 467 1187 508 Non
1226 468 1350 520 enim,
1394 468 1744 510 excellentissima

260 525 357 577 filia,
397 525 448 566 de
479 525 697 579 sanguine,
737 524 809 579 qui
838 523 891 564 ab
930 530 1108 579 utraque
1149 529 1267 579 parte
1304 522 1566 564 fundenduss
1594 525 1743 578 fuerat,

260 595 437 638 parvam
466 587 507 622 te
539 579 686 621 credas
717 579 982 635 adquisisse&
1012 579 1262 621 mercedem.
1322 578 1391 619 Ex
1413 594 1496 634 qua
1526 595 1570 620 re
1599 580 1741 621 volun-

260 638 335 678 tati
380 643 544 678 vestrae
588 636 746 691 gratias
758 636 774 661 ¹¹
825 635 1072 687 referentes,
1124 636 1207 676 Dei
1244 635 1376 676 nostri
1416 635 1745 677 misericordiam

260 693 548 749 deprecamur,
579 700 626 733 ut
655 691 864 733 bonorum
892 691 1013 732 vobis
1052 691 1187 732 vicem
1226 691 1268 731 in
1308 705 1484 746 corpore
1529 697 1570 732 et
1607 692 1746 733 anima

260 749 329 790 hic
378 756 420 790 et
466 750 510 789 in
553 748 694 789 futuro
741 748 1006 803 conpenseti.
1081 746 1320 788 Salutantes
1369 747 1475 787 vosk
1527 754 1747 802 praeterea

260 812 435 860 paterna
464 803 687 846 dilectione
718 804 944 855 hortamur,
975 810 1022 845 ut
1050 810 1153 858 aput
1176 801 1575 844 excellentissimum
1605 804 1746 844 coniu-

260 862 376 917 gem¹
417 866 603 902 vestrum
632 859 703 900 illa
732 860 887 914 agatis,
928 866 1135 914 quatenus
1166 859 1418 899 christianae
1460 859 1520 900 rei
1550 858 1746 915 publicae

262 917 506 958 societatem
535 931 620 957 non
649 922 869 956 rennuatm.
927 915 1037 955 Nam
1067 916 1173 955 sicut
1205 922 1245 956 et
1274 929 1350 955 vos
1381 914 1487 956 scire
1518 914 1745 967 credimus,

262 972 403 1013 multis
446 972 583 1013 modis
628 978 690 1012 est
733 971 853 1024 utile,
895 971 929 1011 si
969 986 1012 1012 se
1050 971 1104 1012 ad
1144 971 1233 1012 eius
1277 967 1508 1011 amicitiam
1554 971 1746 1012 conferre

262 1028 456 1069 voluerit.
500 1028 589 1068 Vos
629 1041 730 1080 ergo
770 1041 886 1068 more
923 1034 1064 1068 vestro
1096 1041 1204 1082 quae
1242 1026 1296 1066 ad
1326 1026 1503 1081 gratiam
1534 1027 1747 1081 partium¹¹

262 1085 473 1139 pertinent
516 1098 681 1138 semper
725 1082 908 1124 studete⁰
952 1089 1091 1138 atque,
1134 1083 1206 1123 ubi
1252 1089 1408 1123 causal’
1452 1082 1660 1124 mercedis
1704 1096 1748 1123 se

263 1139 437 1191 dederit,
470 1138 694 1190 elaborate,
724 1145 770 1179 ut
790 1137 901 1179 bona
934 1146 1076 1179 vestra
1111 1137 1293 1193 amplius
1323 1144 1420 1178 ante
1452 1139 1750 1193 omnipotentis

265 1196 348 1236 Dei
366 1193 508 1235 oculos
527 1192 855 1234 commendetis’.
890 1194 997 1234 Item
1009 1203 1026 1228 ‘1
1047 1194 1223 1249 epistola
1238 1194 1428 1235 eiusdem
1444 1194 1498 1234 ad
1513 1193 1747 1248 Agilulfum

266 1259 455 1306 regem1:
486 1249 755 1305 “Gregorius
776 1248 990 1304 Agilulfor
1020 1250 1111 1304 regi
1134 1249 1521 1304 Langobardorum.
1581 1249 1748 1291 Gratias

267 1335 296 1368 a)
319 1335 568 1360 demonstraretis
590 1335 613 1359 F
635 1335 669 1364 43
693 1334 905 1359 demonstretis
930 1333 956 1358 G
980 1334 1070 1365 1—43
1094 1334 1309 1360 demonstratis
1333 1332 1358 1357 G
1370 1333 1422 1363 5a3
1445 1333 1654 1358 monstraretis
1676 1333 1699 1357 F
1722 1334 1750 1359 5.

266 1375 296 1407 b)
318 1375 390 1406 quia
410 1374 437 1399 A
461 1376 487 1401 1.
510 1374 537 1398 D
562 1375 588 1400 2.
610 1374 643 1399 F.
668 1374 703 1399 G.
796 1374 822 1405 c)
846 1374 991 1404 pietatem
1013 1374 1036 1397 F
1060 1375 1084 1398 1.
1175 1371 1204 1405 d)
1228 1373 1372 1404 placitam
1393 1373 1416 1396 F
1440 1374 1465 1398 1.
1559 1371 1586 1403 e)
1612 1373 1751 1397 concedit

265 1414 291 1439 A
314 1416 341 1440 2.
363 1414 390 1440 3.
412 1414 435 1437 B
460 1414 484 1438 2.
509 1413 531 1438 C
547 1413 572 1438 2.
597 1414 623 1437 D
640 1414 664 1438 1.
690 1414 715 1443 2,
738 1413 799 1436 alii.
860 1411 882 1444 f)
905 1413 976 1436 deest
998 1413 1024 1436 D
1039 1414 1064 1437 2.
1129 1411 1158 1443 g)
1181 1412 1365 1443 adquissiset
1385 1412 1408 1435 F
1423 1413 1448 1436 1.
1510 1410 1541 1443 h)
1565 1412 1664 1441 gratia
1685 1411 1747 1437 Fi.

267 1454 287 1485 i)
311 1454 382 1477 deest
407 1452 432 1478 G
456 1454 480 1483 1,
513 1453 563 1476 utri
590 1455 656 1483 post
687 1452 786 1476 vicem
817 1452 926 1482 suppa:
959 1451 1083 1482 reddat3
1117 1452 1264 1476 concedat
1286 1450 1312 1475 G
1335 1452 1361 1475 2.
1465 1449 1496 1482 k)
1519 1451 1590 1474 deest
1615 1452 1635 1475 C
1658 1449 1698 1476 ⁹1.
1725 1452 1750 1477 l.

266 1493 287 1526 l)
310 1494 460 1518 seniorem
486 1491 510 1515 G
525 1493 550 1516 3.
633 1490 674 1524 ni)
697 1494 829 1516 renuunt
850 1490 876 1514 A
891 1492 919 1521 13
943 1491 1044 1515 renuit
1069 1490 1132 1515 (113.
1156 1492 1189 1521 43
1213 1490 1334 1515 rennuit
1356 1490 1419 1515 ΒΞ.
1444 1489 1470 1515 G
1485 1491 1517 1520 13
1540 1490 1659 1514 renuait
1682 1490 1750 1520 (313

266 1534 397 1557 rennuat
419 1539 431 1555 e
451 1538 526 1555 corr.
550 1531 576 1555 D
591 1532 616 1555 1.
678 1529 709 1561 n)
733 1531 817 1561 pacis
831 1530 872 1561 G3
895 1530 966 1554 deest
987 1530 1080 1561 spatio
1102 1536 1191 1554 vacuo
1214 1530 1307 1553 relicto
1329 1530 1353 1554 B
1369 1531 1413 1553 la.
1477 1529 1504 1561 ο)
1526 1530 1707 1553 studetemF
1721 1531 1747 1554 1.

264 1570 294 1603 p)
317 1577 440 1596 causam
463 1573 486 1594 A
511 1571 536 1595 1.
562 1583 594 1588 -
618 1569 905 1595 mercedisedederit
926 1568 952 1593 A
975 1570 999 1593 1.
1023 1567 1061 1593 ¹2.
1085 1570 1111 1594 2.
1145 1568 1167 1594 C
1191 1568 1230 1593 ·1.
1256 1571 1279 1593 1.
1304 1569 1330 1593 D
1354 1567 1412 1594 ‘3a.
1437 1570 1462 1593 9.
1499 1569 1521 1592 F
1546 1570 1579 1599 1;
1602 1568 1749 1593 mercedis

265 1611 396 1635 ediderit
411 1609 432 1635 C
447 1610 471 1635 2.
486 1610 512 1633 D
528 1610 553 1634 1.
568 1610 612 1633 la.
628 1609 654 1633 6.
667 1609 690 1633 F
703 1609 729 1634 4.
746 1608 772 1633 G
787 1610 878 1639 1—43
898 1605 1024 1633 merced
1042 1615 1073 1633 se
1086 1604 1170 1633 dedit
1181 1608 1207 1633 A
1219 1609 1250 1638 4?
1263 1608 1401 1633 mercede
1416 1614 1448 1632 se
1461 1608 1578 1632 dederit
1589 1608 1612 1632 Α
1626 1608 1641 1631 3
1653 1614 1659 1638 ;
1673 1614 1747 1632 mer-

263 1650 343 1674 cedis
367 1649 478 1674 sederit
499 1649 560 1673 ΕΙ.
604 1647 634 1680 q)
659 1649 734 1672 Item
759 1661 791 1665 —-
815 1655 916 1678 regem
938 1648 994 1672 dee.
1012 1646 1089 1672 A⁸4.
1104 1648 1172 1675 5,6.
1195 1648 1219 1671 Β
1241 1649 1286 1671 la.
1311 1648 1337 1672 2,
1357 1646 1419 1672 03.
1440 1647 1467 1672 5.
1491 1647 1558 1670 D4.
1582 1647 1606 1671 6.
1629 1647 1654 1671 9.
1678 1645 1747 1671 G4.

264 1689 278 1712 I
302 1689 334 1719 3;
364 1689 445 1712 iidem
467 1690 491 1712 et
512 1687 594 1712 ceteri
617 1687 647 1712 C.
671 1688 708 1712 D.
732 1687 755 1711 F
778 1686 804 1713 5.
829 1687 855 1711 G
877 1687 923 1712 5a.
939 1694 954 1712 c
975 1687 1019 1711 hic
1039 1694 1142 1711 novum
1163 1686 1303 1717 incipiunt
1325 1692 1387 1716 cap.
1470 1684 1495 1717 r)
1519 1684 1652 1716 Agilolfo
1674 1686 1697 1709 F
1722 1686 1748 1710 l.

267 1750 302 1789 1)
318 1751 401 1793 Rey.
417 1750 481 1789 IX,
498 1750 557 1781 49..
584 1749 641 1781 Ex
663 1748 807 1792 registro
824 1755 971 1791 apparet
985 1749 1048 1781 lias
1067 1749 1199 1781 litteras
1214 1749 1317 1781 datas
1330 1747 1520 1780 indictione
1535 1748 1567 1780 2.
1594 1748 1639 1779 At
1653 1748 1683 1780 si
1697 1759 1747 1780 se·

264 1799 381 1842 quenti
399 1809 513 1831 mense
539 1797 715 1829 Januario
743 1797 912 1839 apparuit
937 1797 1036 1829 steila
1054 1804 1205 1837 cometes,
1233 1801 1263 1830 et
1280 1796 1434 1829 Joannes
1461 1795 1746 1838 archiepiscopus

264 1848 457 1880 Ravennae
482 1850 700 1885 mortuusest,
726 1846 823 1887 isque
850 1857 942 1877 anno
971 1847 1052 1886 595,
1087 1851 1124 1876 ut
1150 1845 1330 1878 Baronius
1358 1851 1388 1878 et
1415 1856 1456 1877 ea:
1482 1845 1626 1887 Aynello
1653 1845 1745 1877 Bac—

263 1896 400 1929 chinius
427 1894 612 1934 contendit,
639 1905 655 1926 e
676 1893 765 1926 vivis
791 1894 948 1926 sublatus
975 1899 1033 1932 est,
1062 1894 1109 1926 ad
1134 1895 1329 1936 superiores
1357 1905 1466 1926 annos
1483 1894 1630 1936 firmata
1648 1892 1744 1925 Lan-

261 1944 435 1988 90bardos
461 1944 551 1975 inter
577 1948 608 1975 et
626 1942 802 1975 Romanos
821 1953 901 1984 pax
920 1947 1004 1974 esset
1029 1943 1239 1975 revocanda.
1292 1942 1435 1974 fllinime
1464 1953 1541 1974 vero
1569 1947 1746 1983 acceptam

264 1994 354 2026 hanc
398 1991 629 2024 chronotaxin
666 1997 851 2027 everterem
895 1995 1096 2033 argumento
1134 1991 1354 2033 potissimum
1395 1991 1540 2023 alterius
1580 1990 1746 2032 epistolae

264 2041 416 2086 ejusdem
441 2052 468 2073 s.
501 2039 677 2084 pontificis
704 2039 761 2072 ad*
789 2039 1031 2072 Innocentium
1055 2038 1199 2081 Africae
1231 2040 1450 2082 praefectum
1489 2039 1545 2071 lib.
1572 2039 1615 2079 X,
1643 2039 1747 2072 datae

263 2090 488 2132 subsequente
525 2087 714 2121 indictione
742 2090 774 2129 3,
824 2089 862 2120 in
900 2099 970 2130 qua
1011 2087 1147 2121 scribit:
1189 2089 1454 2131 Cognoscentes
1493 2089 1609 2130 igitur,
1642 2088 1746 2130 quale

265 2139 418 2172 studium
445 2140 482 2170 in
508 2138 760 2180 praeparandis
797 2137 1022 2170 dromonibus
1057 2138 1248 2179 gesseritis,
1284 2137 1560 2170 sollicitudinem
1593 2141 1746 2168 vestram

266 2188 466 2220 desiderato
484 2187 606 2218 nuntio
632 2186 839 2225 relevamus,
864 2186 1074 2227 indicantes,
1101 2197 1179 2218 cum
1201 2186 1515 2228 Langobardorum
1533 2195 1616 2227 rege
1635 2195 1746 2227 usque

266 2236 311 2268 ad
339 2247 493 2268 mensem
528 2236 693 2267 Martium
730 2236 866 2267 futurae
906 2239 1051 2277 quartae
1076 2236 1280 2267 indictionis
1309 2235 1351 2266 de
1390 2245 1491 2277 pace,
1530 2234 1744 2276 propitiante

265 2286 429 2325 Domino,
468 2285 687 2316 convenisse.
750 2284 848 2323 Quae
875 2284 905 2315 si
941 2284 1141 2324 retineatur,
1176 2285 1388 2324 ignoramus,
1432 2284 1514 2325 quia
1552 2283 1646 2314 idem
1684 2293 1745 2314 rex

219 2333 223 2337 ’
266 2334 396 2366 obiisse
422 2337 546 2376 postea
571 2333 757 2365 nunciatus
785 2336 848 2372 est,
885 2332 970 2364 licet
1004 2332 1120 2364 adhuc
1155 2333 1325 2364 habeatur
1358 2333 1541 2363 incertum,
1595 2329 1744 2372 Cumque

265 2382 302 2414 in
329 2393 371 2414 ea
390 2393 515 2424 pacem
540 2381 588 2413 aot
608 2379 808 2423 promimam
835 2384 996 2423 quartam
1027 2379 1249 2413 indictionem
1283 2380 1453 2413 sancitam
1480 2378 1599 2420 fuisse
1626 2384 1743 2420 aperte

265 2434 404 2471 constet,
431 2430 534 2462 datas
561 2429 664 2462 etiam
690 2429 903 2461 antecedenti
929 2430 962 2463 2.
986 2429 1240 2472 ⁴qratulatorias
1267 2429 1314 2461 ad
1330 2427 1558 2472 Agilutpkum
1583 2433 1613 2460 et
1637 2427 1742 2459 Theo·

266 2478 455 2519 οῐοῑίηᾶαγηἒ
488 2478 682 2510 necessario
707 2478 892 2510 dicendum
927 2483 975 2510 est
1001 2489 1042 2510 ex
1078 2478 1242 2511 brevitate
1276 2477 1446 2519 temporis,
1484 2487 1554 2518 qua
1586 2475 1740 2508 nondum

264 2527 443 2560 constabat
468 2527 510 2560 de
536 2527 735 2559 valetudine
768 2526 870 2569 reyiS.
930 2526 988 2558 Ex>
1015 2537 1056 2558 ea
1082 2526 1185 2558 etiam
1211 2526 1356 2568 epistola
1389 2525 1619 2568 cognoscimus
1638 2522 1740 2565 pacis

266 2576 487 2615 conditiones,
515 2586 603 2617 quas
629 2574 768 2607 minime
794 2575 930 2607 Paulus
956 2575 1134 2614 recensuit,
1162 2585 1303 2616 eamque
1320 2573 1438 2616 fuisse
1467 2573 1578 2615 pretio
1605 2583 1739 2613 compa-

267 2628 382 2655 ratam
404 2635 445 2656 ex
472 2624 588 2656 eodem
614 2623 669 2657 lib.
699 2624 796 2665 epist.
814 2623 926 2665 facile
953 2623 1030 2665 quis
1057 2629 1190 2665 arquet,
1228 2629 1329 2664 atque
1357 2623 1404 2655 ad
1429 2623 1467 2654 id
1490 2622 1647 2662 fortasse
1686 2631 1724 2652 re

267 2671 418 2713 spiciunt
445 2683 485 2704 ea
511 2683 600 2714 quae
626 2672 674 2704 ad
701 2670 936 2704 Constantiam
975 2677 1159 2714 auyustam
1196 2670 1332 2704 scribit:
1370 2671 1503 2712 Viginti
1529 2673 1646 2701 autem
1671 2669 1741 2700 iam

270 2724 304 2751 et
330 2725 463 2762 septem
491 2731 599 2753 annos
627 2721 797 2759 ducimus,
826 2720 919 2762 quod
944 2721 980 2751 in
1006 2721 1073 2752 hac
1099 2720 1184 2752 urbe
1211 2722 1301 2751 inter
1326 2718 1639 2760 Langobardorum
1664 2717 1725 2758 gla

268 2768 345 2800 dios
370 2769 530 2801 vivimus.
594 2769 727 2807 Quibus
759 2779 862 2810 quam
890 2767 999 2800 multa
1025 2769 1091 2800 hac
1118 2769 1161 2799 ab
1190 2768 1345 2800 ecclesia
1372 2766 1584 2808 quotidianis
1613 2766 1736 2799 diebus
