1852 3141
196 266 244 299 ,μ’

332 147 374 178 18
633 146 778 179 PAULI
805 147 1034 180 HISTORIA
1061 146 1503 180 LANGOBARDORL'M.

442 258 594 312 ‘Apud
624 272 716 298 eam
737 257 788 298 de
810 257 1010 297 Historia
1031 256 1421 311 Langobardorum
1444 273 1495 300 ne
1516 258 1686 299 verbnm
1750 260 1809 299 iii-

331 314 435 355 dem.
496 312 582 354 Sed
611 311 780 353 saeculo
806 313 937 365 prius
959 311 1288 365 Erchempertus
1309 315 1396 354 scri
1430 315 1507 354 sit:
1565 313 1711 368 Lango
1726 328 1807 355 2ar-

330 367 479 409 dorum
511 367 681 418 seriem,
722 380 937 421 egressum
969 366 1182 420 situmque
1212 368 1349 419 regni,
1386 329 1466 409 sion
1506 376 1567 410 est
1602 369 1807 423 originem

330 437 488 474 eorum,
527 422 593 462 vel
625 420 837 476 quomodo
869 420 920 461 de
952 420 1236 461 Scandinavia
1264 420 1400 463 insula
1430 425 1587 478 egressi
1617 424 1671 465 ad
1700 425 1809 465 Pan-

328 479 511 529 noniam,
542 477 694 517 iterum
725 490 750 516 a
770 476 989 516 Pannonia
1010 475 1173 517 Italiam
1204 478 1593 532 transmigraverint
1613 494 1808 534 regnum-

330 548 411 588 que
442 531 714 586 susceperint,
743 529 914 584 Paulus‚
943 531 1008 571 vir
1028 531 1149 572 valde
1178 532 1350 586 peritus,
1383 534 1681 588 compendiosa
1710 534 1809 576 licet

329 588 533 628 brevitate
575 593 637 627 set
671 585 869 641 prudenti
910 588 1148 642 composuit
1185 587 1364 639 ratione,
1414 588 1643 630 extendens
1678 589 1810 631 nichi-

328 643 509 684 lominus
539 656 564 682 a
585 640 815 683 Gammara
844 648 884 683 et
904 641 1070 683 duobus
1091 641 1233 683 liberis
1264 643 1354 684 eius
1384 641 1616 697 hystoriam
1637 645 1809 687 Ratchis

327 712 434 753 pene
473 711 605 753 usque
643 712 833 752 regnum.
891 699 947 738 Et
984 713 1082 739 mox
1120 714 1206 739 non
1245 699 1381 740 solum
1418 700 1464 740 in
1497 701 1654 753 patria
1694 707 1811 741 terra

328 755 402 795 sed
424 768 510 808 per
539 759 670 794 totum
699 753 919 794 Franciae
955 769 1132 809 regnum
1167 760 1469 810 propagatus,
1511 754 1641 796 lectus
1672 761 1708 796 et
1739 770 1809 796 eoe-

328 811 514 863 scriptus
552 815 610 849 est
648 808 777 861 liber,
825 824 904 864 quo
942 809 1108 850 Paulus
1152 824 1218 850 res
1265 826 1291 851 a
1328 810 1624 864 popularibus
1668 817 1810 866 gestas

328 865 555 906 memoriae
585 864 755 905 tradere
784 865 1022 905 studuerat.

447 920 566 974 Opus
598 920 757 974 procul
796 920 926 960 dnbio
969 920 1020 960 ab
1060 921 1156 974 ipso
1198 927 1368 961 auctore
1408 922 1456 961 in
1487 936 1561 961 senc
1592 920 1722 962 libros
1753 927 1811 961 est

328 976 565 1030 digestum;
609 975 711 1016 libri
749 977 796 1016 in
841 976 1034 1030 capitula
1075 976 1233 1027 divisi;
1279 977 1431 1030 cuique
1466 975 1574 1017 libro
1616 977 1806 1030 capitum

327 1031 461 1073 indeoe
475 1031 758 1085 praemissus.
818 1031 1069 1085 Lintprand
1075 1032 1088 1072 i
1107 1032 1224 1086 regis
1246 1031 1384 1072 obitus
1410 1037 1523 1072 seoeto
1555 1031 1662 1072 libro
1674 1031 1810 1083 finem

316 1087 437 1142 facit
447 1102 462 1139 ‚·
494 1088 540 1127 in
561 1088 686 1141 cujus
708 1086 853 1127 ultimo
876 1086 1066 1141 capitulo
1087 1102 1181 1127 cum
1202 1086 1368 1128 Paulus
1390 1088 1527 1128 dicat:
1558 1085 1809 1127 miraculum

329 1141 443 1197 quod
470 1141 692 1196 posteriori
712 1148 900 1196 tempore
920 1149 1085 1193 gestum
1107 1149 1182 1194 est,
1212 1142 1256 1182 in
1277 1141 1369 1183 loco
1390 1143 1560 1197 proprio
1591 1156 1810 1197 ponemus,

330 1200 380 1239 de
424 1198 605 1238 historia
636 1196 818 1238 ulterius
852 1198 1127 1249 deducenda,
1163 1198 1211 1238 id
1250 1204 1308 1238 est
1347 1197 1454 1240 libro
1493 1204 1600 1239 certe
1635 1199 1810 1252 septimo

331 1253 592 1308 adjiciendo,
633 1254 737 1306 quin
777 1254 868 1306 ipse
906 1254 1178 1308 cogitaverit,
1219 1253 1413 1294 dubitari
1452 1255 1637 1308 nequitl.
1696 1253 1810 1304 Ideo,

330 1315 377 1349 ut
405 1308 587 1359 videtur,
618 1306 724 1348 liber
746 1308 1028 1363 praefatione
1058 1314 1194 1360 caret,
1234 1310 1298 1349 ita
1328 1315 1374 1349 ut
1413 1309 1463 1349 de
1502 1311 1595 1363 ejus
1633 1308 1811 1350 consilio

330 1370 366 1406 et
383 1363 588 1418 fontibus
626 1365 805 1405 nonnisi
834 1378 886 1404 επ
916 1364 1011 1417 ipso
1032 1364 1238 1418 judicari
1259 1365 1413 1417 possit.

451 1419 502 1460 Ut
529 1432 597 1459 res
630 1434 657 1459 a
687 1433 770 1458 sna
801 1425 937 1459 aetate
965 1425 1148 1459 remotas
1178 1425 1393 1471 narraret,
1424 1418 1591 1459 Paulus
1613 1425 1712 1473 quot
1744 1425 1813 1460 not

325 1475 467 1529 potuit
504 1473 702 1515 subsidia
746 1476 852 1516 satis
896 1473 1124 1530 diligenter
1167 1474 1402 1515 adhibuit2.
1474 1474 1654 1515 Brevem
1695 1474 1813 1515 ilam

329 1529 721 1585 Langobardorum
751 1529 973 1571 historiam
1003 1530 1201 1585 Originis
1222 1531 1393 1571 nom-ine
1419 1530 1678 1584 inscriptam
1708 1530 1812 1569 inte-

330 1600 457 1641 gram
488 1584 589 1639 fere
628 1586 811 1639 recepit7·
857 1586 984 1626 etiam
1025 1600 1134 1640 quae
1164 1585 1379 1640 fabulosa
1423 1586 1512 1639 ipsi
1555 1585 1814 1626 videbantur

331 1656 425 1682 cum
462 1640 687 1682 lectoribus
717 1642 1054 1692 communicare,
1095 1640 1462 1681 observationibus
1501 1641 1592 1681 suis
1633 1640 1810 1691 additis,

319 1696 402 1751 fas
432 1696 560 1737 duaeit
589 1697 647 1748 (I,
678 1695 740 1747 8).
803 1695 906 1737 Cum
937 1696 1004 1736 his
1036 1696 1213 1736 alteram
1243 1697 1472 1750 conjunccit
1500 1697 1812 1746 narrationem,

331 1767 440 1807 quae
463 1766 649 1805 prorsus
679 1752 853 1792 diversa
883 1751 933 1792 de
963 1751 1134 1791 sedibus
1164 1756 1201 1792 et
1232 1752 1489 1806 migratione
1524 1752 1663 1806 gentis
1692 1750 1812 1791 fillius

331 1807 529 1858 tradidit,
552 1807 655 1847 haec
676 1808 789 1847 inter
808 1821 851 1847 se
874 1821 1083 1861 pugnare
1103 1807 1178 1847 vioe
1200 1807 1548 1848 animadvertens
1568 1805 1631 1847 vel
1645 1821 1811 1860 parum

332 1877 506 1904 curans.
578 1862 729 1903 Postea
765 1863 1025 1916 praesertim
1066 1861 1258 1904 Secundi
1301 1863 1494 1916 episcopi
1538 1861 1784 1903 Tridentini
1797 1867 1811 1889 ³

332 1987 517 2021 tribunali'
547 2000 568 2020 a
594 1988 754 2029 Hauptio
775 1993 805 2020 et
831 1987 1031 2020 Dz'i'mmlero
1060 1986 1160 2029 (Z.f.
1189 1987 1236 2019 D.
1263 1987 1333 2019 All.
1360 1986 1502 2029 XILp.
1521 1987 1608 2028 460)
1637 1985 1721 2019 editi
1745 1986 1811 2019 huc

325 2037 538 2080 pertineant,
565 2036 734 2069 incertum
760 2041 830 2074 est;
856 2047 898 2068 ne
924 2035 1032 2067 Pauli
1057 2047 1180 2068 nomen
1206 2036 1344 2078 quidem
1371 2035 1540 2069 indicant.
1593 2033 1676 2067 Sine
1703 2045 1812 2067 causa

332 2097 411 2118 vero
451 2085 522 2118 Leo
565 2083 730 2117 Ostiensis
766 2083 857 2116 idem
883 2085 925 2116 de
954 2084 1094 2126 palatio
1129 2083 1376 2116 Beneventano
1409 2083 1516 2121 dixin·
1548 2094 1580 2116 v.
1614 2083 1812 2116 Bethmann

325 2146 366 2177 p.
395 2135 460 2166 251
497 2145 531 2166 n.
561 2134 592 2165 1,
704 2132 740 2174 1)
771 2131 870 2171 Quod
902 2133 1169 2174 Erehenfflertus
1205 2134 1276 2165 Ioco
1309 2143 1420 2174 supra
1455 2133 1560 2164 allato
1595 2132 1689 2171 dicit,
1725 2136 1812 2164 certe

334 2182 382 2215 ad
407 2181 546 2214 initiam
570 2181 670 2223 regni
700 2180 844 2213 Ratchis
875 2181 1097 2222 referendum
1132 2186 1192 2214 est.
1249 2179 1345 2220 Quae
1377 2191 1457 2213 vero
1485 2180 1527 2212 de
1561 2190 1671 2211 causa
1699 2179 1810 2220 addit,

333 2241 403 2272 qua
436 2230 572 2262 Paulus
608 2229 740 2261 adduci
768 2228 932 2270 potuerit,
969 2234 1008 2260 ut
1035 2229 1206 2260 calamum
1233 2228 1295 2260 hoc
1322 2229 1391 2261 loco
1421 2228 1616 2269 deponeret,
1645 2227 1682 2259 in
1707 2238 1804 2260 mera

333 2280 530 2322 conjectura
555 2276 756 2310 consistunt.
857 2275 894 2317 2)
921 2276 976 2308 De
1002 2274 1163 2320 fontibus
1197 2275 1361 2309 historiae
1387 2275 1703 2319 Langobardorum
1730 2275 1811 2308 dili-

330 2331 449 2370 genter
483 2325 645 2358 tractavit
671 2325 715 2357 R.
742 2325 863 2358 Jacobi
887 2324 1066 2358 Halensis.
1167 2325 1201 2363 3)
1229 2324 1286 2356 Ex
1320 2325 1435 2357 codice
1473 2324 1722 2366 IVeingarten-si
1750 2324 1811 2356 hoc

334 2375 406 2418 ejus
432 2375 668 2418 fragmentam
703 2373 750 2406 ad
777 2385 809 2405 a.
837 2373 917 2404 580.
948 2372 1131 2415 pertinens
1165 2373 1273 2405 edidit
1306 2373 1457 2412 Boneili,
1490 2371 1629 2405 Notizie
1665 2371 1810 2404 storiche

334 2424 427 2457 della
452 2424 568 2456 chiesa
594 2422 632 2454 di
663 2421 787 2454 Trento
814 2421 886 2453 III
907 2420 1054 2461 (Trento
1084 2421 1205 2463 1762),
1226 2433 1266 2463 p.
1293 2421 1383 2460 483;
1409 2421 1490 2454 inde
1522 2421 1648 2462 Troga,
1689 2419 1811 2453 Codice

333 2472 421 2514 dipl.
450 2471 515 2503 Nr.
544 2470 586 2509 8‚·
613 2470 821 2509 Bethmann,
848 2469 952 2503 Arch.
985 2469 1027 2510 X,
1054 2481 1094 2512 p.
1117 2470 1208 2508 350‚·
1241 2469 1365 2502 Baudi
1399 2470 1437 2502 di
1469 2469 1597 2509 Vesme,
1631 2468 1746 2501 Edict.
1767 2480 1808 2510 p.

334 2519 506 2562 LXXVJ:
533 2520 564 2552 A
590 2520 762 2562 principio
779 2529 890 2560 usque
910 2519 954 2551 ad
980 2519 1180 2561 passionem
1199 2519 1342 2550 Domini
1368 2522 1448 2551 sunt
1473 2518 1555 2550 anni
1575 2517 1678 2557 5229,
1704 2527 1809 2559 passo

336 2569 474 2601 Christo
508 2578 619 2610 usque
654 2568 691 2599 in
723 2571 922 2610 presentem
957 2577 1086 2598 annum
1118 2570 1198 2599 sunt
1232 2568 1323 2607 554,
1357 2571 1391 2598 et
1423 2577 1444 2598 a
1477 2569 1640 2608 presente
1673 2564 1808 2606 paseha

333 2618 431 2649 iuxta
469 2617 639 2659 prophete
688 2616 876 2658 eloquium,
923 2615 1116 2648 secundum
1155 2615 1250 2657 quod
1287 2615 1440 2647 humane
1479 2613 1664 2655 fragilitati
1705 2612 1808 2644 datur

336 2675 461 2707 capere
495 2664 725 2703 intellectum,
761 2667 895 2696 restant
927 2663 970 2695 de
1003 2663 1159 2706 presenti
1193 2663 1312 2695 seculo
1349 2663 1430 2695 anni
1458 2662 1538 2693 217.
1598 2661 1643 2691 Et
1676 2660 1713 2691 in
1740 2660 1806 2692 hoc

335 2723 440 2754 supra
465 2716 656 2744 memorato
684 2723 774 2744 anno
800 2712 865 2744 fuit
891 2712 1078 2751 bissextus,
1103 2711 1340 2744 residentibus
1366 2712 1402 2742 in
1428 2709 1534 2742 Italia
1559 2708 1805 2749 Longobardis

336 2771 415 2793 ann.
445 2760 499 2800 12,
526 2770 566 2792 eo
595 2760 687 2802 quod
718 2759 875 2792 secunda
901 2759 1095 2792 indictione
1127 2760 1164 2790 in
1198 2769 1240 2791 ea
1273 2759 1422 2801 ingressi
1448 2761 1527 2790 sunt
1553 2767 1672 2788 mense
1698 2756 1806 2788 Maio.
