1852 3141
387 134 533 167 PAULI
559 134 789 168 HISTORIA
815 134 1258 168 LANGOBARDORUM.
1520 134 1563 167 47

83 252 130 287 ut
166 245 373 299 tollerent,
411 245 543 286 Pauli
578 245 718 297 verba,
757 250 803 285 ut
839 260 979 300 supra
1008 246 1265 297 monuimus,
1304 245 1365 285 ad
1394 245 1565 286 modum

83 301 281 356 vulqaris
310 300 489 356 linquae
517 316 605 342 non
635 300 759 341 semel
788 302 968 356 scripta,
999 315 1051 341 ecc
1072 301 1381 355 qmmmastcae
1401 299 1565 355 reqzdis

83 358 359 412 corrigerent,
390 355 576 397 lacunas
607 355 836 410 eoeplerent,
869 355 949 398 alii
978 372 1010 397 s.
1034 356 1109 396 IX.
1140 362 1177 396 et
1197 356 1248 396 X.
1277 355 1455 397 librarii
1484 355 1566 396 sibi

81 418 335 464 sumserunt,
367 412 481 466 quod
521 418 661 453 tamen
698 413 773 452 vioe
807 426 1015 466 prospere
1052 414 1112 454 eis
1151 413 1285 453 cessit.
1343 411 1433 452 Nec
1459 410 1566 463 fleri

74 469 239 521 potuit,
281 468 387 521 quin
426 468 475 508 in
515 473 639 508 tanta
676 468 870 508 codicum
899 467 1004 508 mole
1033 469 1185 508 variae
1214 473 1345 508 natae
1375 469 1461 507 sint
1489 466 1554 507 tec

81 523 214 563 tiones
243 523 499 564 innumerae
516 522 630 577 fere,
661 537 814 576 eaeque
850 523 973 563 modo
1011 523 1128 563 omni
1163 537 1288 564 sensu
1327 523 1564 574 destitutae,

80 577 202 618 modo
251 579 506 619 temerariae
549 584 585 619 et
629 593 657 618 a
699 578 890 632 qeniiiozo
933 578 1154 618 verborum
1197 584 1339 619 tenore
1376 592 1565 632 prorsus

83 632 265 674 alienae.
300 631 420 680 Quas
442 648 582 674 omnes
601 638 787 684 enotare,
810 633 967 673 nedum
988 633 1056 673 hic
1077 647 1307 685 recensere,
1328 633 1565 674 taediosum

81 694 117 729 et
130 688 268 743 plane
287 687 440 730 inutile
461 695 564 729 erat.
606 688 660 729 Iol
679 693 819 728 tamen
841 689 1019 742 eqimus,
1043 694 1088 728 ut
1109 689 1304 729 codicum
1332 689 1407 743 qui
1429 694 1564 729 aetate

80 744 143 784 vel
165 746 417 785 auctoritate
439 749 671 798 praestant
693 742 752 799 (A
776 744 810 783 1.
832 743 870 783 2.
901 743 943 783 F
958 742 998 798 1)
1022 744 1235 798 inteqram
1267 742 1460 784 lectionis
1488 758 1563 783 va-

81 800 271 840 rietatem
310 798 613 851 eoehiberemus,
651 813 702 839 eoe
744 797 845 840 aliis
884 799 960 852 qui
997 799 1055 838 ad
1086 799 1161 839 lios
1185 813 1325 852 prope
1358 799 1565 839 accedunt

81 854 146 906 (B
164 855 199 894 1.
226 854 307 896 Ol.
330 854 374 894 D
393 854 427 894 1.
452 853 489 894 G
509 855 544 893 1.
562 854 610 905 2)
643 855 789 895 omnia
811 869 920 908 quae
948 854 1005 894 ad
1025 868 1171 894 veram
1192 854 1409 895 lectionem
1431 854 1560 894 stabi—

77 910 269 950 liendam
287 908 440 963 facere
462 915 651 964 possunt
672 915 748 949 aut
773 909 920 950 saltem
951 924 1037 950 non
1069 916 1244 964 apertae
1272 910 1565 964 corruptionis

80 966 249 1006 indicia
273 964 495 1019 praebent,
527 979 579 1006 eoe
604 964 784 1019 reliquis
813 980 924 1017 vero,
956 971 1167 1019 quantum
1187 966 1351 1017 licebat,
1383 980 1432 1006 ea
1456 980 1564 1019 quae

80 1020 274 1061 codicum
304 1022 602 1075 coqnationem
640 1026 676 1060 et
708 1026 848 1062 temtus
879 1020 1074 1072 Paulini,
1104 1027 1151 1061 ut
1171 1023 1233 1062 ita
1256 1021 1412 1073 dicam,
1435 1021 1562 1062 histo-

78 1077 192 1117 riam
222 1074 476 1130 explanant.
519 1076 668 1131 Neque
697 1076 746 1117 id
766 1077 944 1131 eqimus,
975 1082 1021 1117 ut
1043 1076 1197 1131 ubique
1229 1076 1398 1132 sinquli
1418 1077 1561 1130 cujus-

80 1145 159 1185 que
196 1131 356 1172 codicis
396 1129 622 1186 afferretur
659 1132 800 1184 lectio,·
836 1145 1160 1187 nonnumquam
1197 1131 1349 1173 classis
1389 1133 1563 1187 siqnum

80 1188 360 1241 (praesertim
386 1187 452 1239 D)
484 1188 728 1241 posuimus,
768 1187 844 1228 ubi
872 1187 1027 1242 plures
1066 1189 1177 1229 inter
1214 1203 1256 1229 se
1292 1189 1563 1239 conveniunt,

79 1243 130 1284 de
150 1241 329 1296 reliquis
348 1256 445 1283 vero
467 1257 554 1284 non
576 1242 809 1284 constabat.
841 1243 956 1284 Nam
979 1249 1366 1298 quantamcumque
1389 1257 1563 1297 operam

79 1298 324 1338 Bethmann
355 1297 517 1353 aliique
539 1300 649 1340 socii
673 1300 812 1339 nostri
832 1300 879 1339 in
900 1299 1177 1354 indagandis
1197 1305 1233 1340 et
1254 1299 1563 1340 examinandis

79 1352 212 1394 Pauli
242 1353 459 1394 codicibus
485 1360 739 1408 posuerunt,
771 1369 857 1395 non
880 1369 1021 1395 omnes
1052 1360 1191 1395 tamen
1223 1354 1335 1395 locos
1364 1355 1562 1409 inspexe-

79 1414 196 1459 runt,
229 1409 304 1462 qui
334 1409 469 1449 dubia
489 1423 651 1449 movere
671 1408 735 1450 vel
755 1409 913 1450 solvere
927 1416 1119 1464 possent.
1169 1410 1289 1457 Quae
1310 1416 1563 1451 correctores

72 1470 227 1519 postea
258 1464 472 1505 codicibus
501 1464 742 1505 intulerunt
772 1480 822 1506 esc
848 1464 888 1504 A
907 1466 926 1504 1
951 1471 988 1505 et
1008 1466 1033 1505 2
1055 1471 1222 1506 tantum
1245 1467 1562 1518 annotavimus,

80 1534 132 1560 eoe
162 1519 205 1558 D
225 1520 244 1558 1
264 1525 301 1560 et
320 1519 362 1559 F
373 1520 392 1559 1
417 1526 592 1574 partem
613 1535 758 1561 eorum
789 1535 898 1575 quae
919 1522 966 1562 in
988 1527 1143 1562 ceteros
1174 1521 1331 1562 barum
1362 1521 1563 1561 classium

80 1574 211 1615 libros
234 1576 517 1627 transierunt,
543 1575 657 1628 aliis,
677 1575 832 1631 quibus
844 1578 1106 1631 praesertim
1126 1575 1162 1616 G
1178 1578 1212 1616 1.
1230 1576 1303 1618 23
1322 1577 1563 1628 abundant,

72 1644 260 1685 prorsus
291 1631 468 1670 omissis.
507 1631 807 1672 Nihilominus
836 1632 1006 1673 lectores
1036 1633 1176 1673 nimia
1206 1632 1430 1673 lectionum
1460 1632 1564 1673 mole

81 1685 251 1727 obrutos
268 1699 367 1737 esse,
384 1685 537 1726 multos
543 1685 649 1739 fore
672 1687 748 1741 qui
758 1687 960 1741 judicent
981 1688 1056 1727 viso
1078 1687 1235 1730 dubito.
1287 1686 1402 1735 Quos
1422 1694 1562 1728 tamen

78 1741 259 1782 monitos
286 1740 422 1792 velim,
454 1741 516 1782 bis
541 1747 651 1782 terve
664 1743 862 1796 primum
892 1758 919 1782 a
940 1742 1226 1795 Bethmanno,
1253 1749 1419 1798 postea,
1447 1744 1562 1784 codi-

80 1797 199 1837 cibus
239 1797 554 1851 antiquissimis
596 1798 735 1838 denuo
773 1798 999 1850 adhibitis,
1033 1813 1060 1838 a
1090 1813 1152 1838 me
1185 1813 1271 1840 non
1302 1805 1428 1854 qrato
1459 1814 1563 1840 sane

79 1851 224 1892 labore
254 1866 327 1892 eas
357 1866 443 1892 esse
473 1854 707 1894 recensitas
737 1859 774 1894 et
803 1854 1055 1908 castigatas.

189 1907 445 1948 Editionum
473 1909 549 1948 vz‘oe
580 1908 704 1950 semel
732 1908 797 1949 vel
832 1909 894 1950 bis
924 1910 1037 1950 ratio
1071 1909 1269 1951 habenda
1300 1917 1404 1952 erat.
1452 1909 1564 1951 Sunt

79 1976 175 2003 vero
207 1962 338 2003 hael:

193 2018 233 2072 1)
264 2018 551 2071 Ascensiana,
583 2019 646 2060 ed.
680 2018 797 2060 Guil.
819 2020 976 2072 Parvo,
1008 2020 1150 2062 Paris.
1177 2020 1296 2073 1514,
1338 2036 1390 2061 es)
1420 2020 1562 2062 codice

83 2072 238 2114 classis
269 2074 311 2114 F
344 2073 552 2127 (fortasse
582 2074 688 2115 F2³
718 2075 781 2116 vel
810 2076 976 2128 F2³*).

190 2128 234 2183 2)
276 2129 631 2185 Ρεῖιίίηρθνίαηα,
676 2131 901 2187 Auqustae
943 2132 1067 2184 1515,
1113 2132 1278 2173 codices
1320 2138 1464 2172 secuta
1506 2133 1564 2173 ad

80 2181 119 2223 A
140 2182 165 2222 3
196 2190 232 2224 et
261 2184 290 2224 Ι
306 2185 325 2223 1
352 2187 628 2239 pertinentes.

191 2239 235 2292 3)
268 2240 557 2293 Frobeniana,
588 2247 766 2283 curante
787 2241 833 2283 S.
858 2241 1045 2294 Gelenio,
1078 2242 1282 2284 Basileae
1308 2242 1425 2295 1532,
1454 2244 1564 2284 inter

82 2294 305 2334 Historiae
335 2295 558 2337 Romanae
588 2298 831 2351 scriptores,
862 2312 914 2338 esc
948 2299 967 2338 1
1000 2299 1195 2351 repetita,

192 2349 236 2402 4)
268 2349 656 2406 Lindenbro‘qiana
700 2354 846 2404 Jrinza,
876 2353 1090 2408 Luyduni
1119 2354 1219 2393 Bat.
1244 2354 1362 2393 1595.
1395 2354 1434 2405 8,
1465 2368 1517 2393 em
1538 2353 1563 2393 2

81 2410 234 2456 sumta,
268 2405 458 2446 adhibito
490 2407 632 2448 codice
663 2369 898 2460 drteliano,
930 2410 1006 2463 qui
1037 2409 1096 2448 ad
1130 2408 1205 2449 05
1228 2423 1371 2463 prope
1403 2409 1564 2449 accedit

83 2464 246 2514 (supra
279 2476 327 2515 p.
368 2461 459 2513 29).
518 2462 640 2503 Novo
686 2462 806 2504 titulo
853 2470 983 2504 aucta
1020 2464 1193 2518 prodiit
1234 2461 1328 2504 cum
1364 2464 1563 2506 Jorclane

82 2515 184 2557 aliis
214 2515 355 2570 Lu‘qd.
389 2516 508 2557 1617.
540 2517 577 2557 8.

192 2571 237 2626 5)
284 2571 670 2628 Lindenbroqiana
715 2574 878 2626 altera,
924 2574 1171 2629 Hamburqi
1217 2574 1335 2614 1611.
1381 2576 1420 2626 4,
1470 2590 1562 2616 cum

78 2625 290 2678 Jordane,
321 2627 491 2668 Isidoro
522 2635 608 2682 etc„
635 2644 681 2683 p.
707 2629 798 2681 187,
831 2630 1022 2671 adhibito
1055 2630 1196 2670 codice
1227 2630 1268 2670 B
1292 2631 1326 2669 1.

81 2707 117 2749 1)
147 2708 194 2751 Cf
213 2710 409 2743 Bethmann
432 2723 471 2753 p.
501 2712 569 2744 296
597 2724 680 2755 sqq„
716 2713 785 2744 314
813 2725 897 2755 sqq„
926 2714 994 2745 344
1022 2725 1104 2756 sqq„
1140 2713 1198 2745 ubi
1226 2712 1424 2746 accuratius
1452 2713 1493 2746 (le
1522 2713 1562 2745 iis

80 2758 165 2801 egli&
195 2758 241 2791 N.
268 2757 374 2792 Arclz.
402 2759 433 2799 J,
453 2772 492 2801 p.
521 2761 604 2793 558.
