<?xml version="1.0" encoding="UTF-8"?>
<!DOCTYPE html PUBLIC "-//W3C//DTD XHTML 1.0 Transitional//EN"
    "http://www.w3.org/TR/xhtml1/DTD/xhtml1-transitional.dtd">
<html xmlns="http://www.w3.org/1999/xhtml" xml:lang="en" lang="en">
 <head>
  <title>
</title>
<meta http-equiv="Content-Type" content="text/html;charset=utf-8" />
  <meta name='ocr-system' content='tesseract 3.04.00' />
  <meta name='ocr-capabilities' content='ocr_page ocr_carea ocr_par ocr_line ocrx_word'/>
</head>
<body>
  <div class='ocr_page' id='page_1' title='image "./paulihistorialan00paul_0188.png"; bbox 0 0 1852 3141; ppageno 0'>
   <div class='ocr_carea' id='block_1_1' title="bbox 270 87 1575 123">
    <p class='ocr_par' dir='ltr' id='par_1_1' title="bbox 270 87 1575 123">
     <span class='ocr_line' id='line_1_1' title="bbox 270 87 1575 123; baseline -0.002 -1"><span class='ocrx_word' id='word_1_1' title='bbox 270 92 338 123; x_wconf 78' lang='lat'>180</span> <span class='ocrx_word' id='word_1_2' title='bbox 480 89 627 123; x_wconf 70' lang='lat' dir='ltr'><strong>PAULI</strong></span> <span class='ocrx_word' id='word_1_3' title='bbox 654 89 885 122; x_wconf 83' lang='lat' dir='ltr'><strong>HISTORIA</strong></span> <span class='ocrx_word' id='word_1_4' title='bbox 912 87 1359 121; x_wconf 75' lang='lat' dir='ltr'>LANGOBARDORUM.</span> <span class='ocrx_word' id='word_1_5' title='bbox 1411 87 1506 119; x_wconf 88' lang='lat' dir='ltr'>LIB.</span> <span class='ocrx_word' id='word_1_6' title='bbox 1533 89 1575 120; x_wconf 82' lang='lat' dir='ltr'>V.</span> 
     </span>
    </p>
   </div>
   <div class='ocr_carea' id='block_1_2' title="bbox 267 197 1759 1030">
    <p class='ocr_par' dir='ltr' id='par_1_2' title="bbox 267 197 1759 531">
     <span class='ocr_line' id='line_1_2' title="bbox 269 197 1754 254; baseline -0.002 -12"><span class='ocrx_word' id='word_1_7' title='bbox 269 217 354 243; x_wconf 89' lang='lat' dir='ltr'>non</span> <span class='ocrx_word' id='word_1_8' title='bbox 383 200 539 241; x_wconf 76' lang='lat' dir='ltr'>1nult0³</span> <span class='ocrx_word' id='word_1_9' title='bbox 571 200 692 254; x_wconf 81' lang='lat' dir='ltr'>post¹¹</span> <span class='ocrx_word' id='word_1_10' title='bbox 724 206 912 253; x_wconf 87' lang='lat' dir='ltr'>tempore</span> <span class='ocrx_word' id='word_1_11' title='bbox 944 199 1028 238; x_wconf 85' lang='lat' dir='ltr'>iam</span> <span class='ocrx_word' id='word_1_12' title='bbox 1059 198 1219 238; x_wconf 87' lang='lat' dir='ltr'>dudum</span> <span class='ocrx_word' id='word_1_13' title='bbox 1249 205 1417 253; x_wconf 82' lang='lat' dir='ltr'>pactam</span> <span class='ocrx_word' id='word_1_14' title='bbox 1456 197 1537 239; x_wconf 86' lang='lat' dir='ltr'>sibi</span> <span class='ocrx_word' id='word_1_15' title='bbox 1567 198 1754 252; x_wconf 86' lang='lat' dir='ltr'>Aripcrti</span> 
     </span>
     <span class='ocr_line' id='line_1_3' title="bbox 268 253 1759 312; baseline -0.001 -15"><span class='ocrx_word' id='word_1_16' title='bbox 268 257 379 312; x_wconf 82' lang='lat' dir='ltr'>regis</span> <span class='ocrx_word' id='word_1_17' title='bbox 411 256 552 307; x_wconf 81' lang='lat' dir='ltr'>filiam,</span> <span class='ocrx_word' id='word_1_18' title='bbox 585 255 704 295; x_wconf 90' lang='lat' dir='ltr'>cuius</span> <span class='ocrx_word' id='word_1_19' title='bbox 735 268 983 309; x_wconf 80' lang='lat' dir='ltr'>germanum</span> <span class='ocrx_word' id='word_1_20' title='bbox 1006 253 1297 308; x_wconf 85' lang='lat' dir='ltr'>Godcpertum</span> <span class='ocrx_word' id='word_1_21' title='bbox 1328 256 1603 306; x_wconf 83' lang='lat' dir='ltr'>extincxcrat‚</span> <span class='ocrx_word' id='word_1_22' title='bbox 1635 253 1759 295; x_wconf 83' lang='lat' dir='ltr'>duxit</span> 
     </span>
     <span class='ocr_line' id='line_1_4' title="bbox 267 308 1756 364; baseline -0.002 -12"><span class='ocrx_word' id='word_1_23' title='bbox 267 326 456 355; x_wconf 78' lang='lat' dir='ltr'>uxorem.</span> <span class='ocrx_word' id='word_1_24' title='bbox 503 311 850 351; x_wconf 75' lang='lat' dir='ltr'>Beneventanum</span> <span class='ocrx_word' id='word_1_25' title='bbox 871 323 970 349; x_wconf 83' lang='lat' dir='ltr'>vcro</span> <span class='ocrx_word' id='word_1_26' title='bbox 993 309 1239 362; x_wconf 75' lang='lat' dir='ltr'>exercitum,</span> <span class='ocrx_word' id='word_1_27' title='bbox 1261 309 1378 350; x_wconf 85' lang='lat' dir='ltr'>cuius</span> <span class='ocrx_word' id='word_1_28' title='bbox 1400 308 1557 350; x_wconf 84' lang='lat' dir='ltr'>auxilio</span> <span class='ocrx_word' id='word_1_29' title='bbox 1579 324 1756 364; x_wconf 79' lang='lat' dir='ltr'>regnum</span> 
     </span>
     <span class='ocr_line' id='line_1_5' title="bbox 267 364 1757 422; baseline -0.001 -14"><span class='ocrx_word' id='word_1_30' title='bbox 267 368 446 422; x_wconf 85' lang='lat' dir='ltr'>adeptus</span> <span class='ocrx_word' id='word_1_31' title='bbox 468 374 569 417; x_wconf 78' lang='lat' dir='ltr'>erat,</span> <span class='ocrx_word' id='word_1_32' title='bbox 598 364 739 405; x_wconf 85' lang='lat' dir='ltr'>multis</span> <span class='ocrx_word' id='word_1_33' title='bbox 761 364 978 405; x_wconf 79' lang='lat' dir='ltr'>dotatum0</span> <span class='ocrx_word' id='word_1_34' title='bbox 1007 365 1250 405; x_wconf 87' lang='lat' dir='ltr'>muneribus</span> <span class='ocrx_word' id='word_1_35' title='bbox 1271 366 1431 405; x_wconf 79' lang='lat' dir='ltr'>remisit</span> <span class='ocrx_word' id='word_1_36' title='bbox 1459 364 1514 404; x_wconf 80' lang='lat' dir='ltr'>ad</span> <span class='ocrx_word' id='word_1_37' title='bbox 1544 366 1757 421; x_wconf 82' lang='lat' dir='ltr'>prop1·ia‘¹.</span> 
     </span>
     <span class='ocr_line' id='line_1_6' title="bbox 268 419 1756 478; baseline -0.002 -15"><span class='ocrx_word' id='word_1_38' title='bbox 268 421 520 478; x_wconf 84' lang='lat' dir='ltr'>Aliquantos</span> <span class='ocrx_word' id='word_1_39' title='bbox 550 428 692 461; x_wconf 84' lang='lat' dir='ltr'>tamen</span> <span class='ocrx_word' id='word_1_40' title='bbox 733 435 786 461; x_wconf 82' lang='lat' dir='ltr'>ex</span> <span class='ocrx_word' id='word_1_41' title='bbox 822 421 880 461; x_wconf 87' lang='lat' dir='ltr'>cis</span> <span class='ocrx_word' id='word_1_42' title='bbox 913 434 1057 460; x_wconf 88' lang='lat' dir='ltr'>secum</span> <span class='ocrx_word' id='word_1_43' title='bbox 1098 419 1358 460; x_wconf 81' lang='lat' dir='ltr'>habitaturos</span> <span class='ocrx_word' id='word_1_44' title='bbox 1388 422 1580 474; x_wconf 79' lang='lat' dir='ltr'>retenuit,</span> <span class='ocrx_word' id='word_1_45' title='bbox 1611 420 1756 475; x_wconf 80' lang='lat' dir='ltr'>largis-</span> 
     </span>
     <span class='ocr_line' id='line_1_7' title="bbox 269 476 1040 531; baseline -0.004 -13"><span class='ocrx_word' id='word_1_46' title='bbox 269 479 396 518; x_wconf 83' lang='lat' dir='ltr'>simas</span> <span class='ocrx_word' id='word_1_47' title='bbox 427 478 487 518; x_wconf 88' lang='lat' dir='ltr'>eis</span> <span class='ocrx_word' id='word_1_48' title='bbox 518 477 707 517; x_wconf 82' lang='lat' dir='ltr'>tribuens</span> <span class='ocrx_word' id='word_1_49' title='bbox 738 476 1040 531; x_wconf 85' lang='lat' dir='ltr'>possessiones.</span> 
     </span>
    </p>

    <p class='ocr_par' dir='ltr' id='par_1_3' title="bbox 267 530 1758 1030">
     <span class='ocr_line' id='line_1_8' title="bbox 379 530 1756 587; baseline -0.001 -14"><span class='ocrx_word' id='word_1_50' title='bbox 379 534 416 573; x_wconf 77' lang='lat'>2.</span> <span class='ocrx_word' id='word_1_51' title='bbox 477 532 563 584; x_wconf 75' lang='lat' dir='ltr'>Qui</span> <span class='ocrx_word' id='word_1_52' title='bbox 602 538 827 587; x_wconf 78' lang='lat' dir='ltr'>postquam</span> <span class='ocrx_word' id='word_1_53' title='bbox 866 531 1056 586; x_wconf 85' lang='lat' dir='ltr'>conperit</span> <span class='ocrx_word' id='word_1_54' title='bbox 1069 538 1096 584; x_wconf 50' lang='grc' dir='ltr'>θ’,</span> <span class='ocrx_word' id='word_1_55' title='bbox 1142 530 1374 571; x_wconf 83' lang='lat' dir='ltr'>Perctarits</span> <span class='ocrx_word' id='word_1_56' title='bbox 1411 530 1638 585; x_wconf 83' lang='lat' dir='ltr'>profugum</span> <span class='ocrx_word' id='word_1_57' title='bbox 1670 531 1756 572; x_wconf 82' lang='lat' dir='ltr'>Sci-</span> 
     </span>
     <span class='ocr_line' id='line_1_9' title="bbox 267 586 1755 643; baseline -0.001 -15"><span class='ocrx_word' id='word_1_58' title='bbox 267 589 430 629; x_wconf 53' lang='grc' dir='ltr'><strong>1111111ῃὲ</strong></span> <span class='ocrx_word' id='word_1_59' title='bbox 459 588 701 643; x_wconf 81' lang='lat' dir='ltr'>appetissc¹¹</span> <span class='ocrx_word' id='word_1_60' title='bbox 734 594 774 628; x_wconf 83' lang='lat' dir='ltr'>ct</span> <span class='ocrx_word' id='word_1_61' title='bbox 803 593 906 641; x_wconf 87' lang='lat' dir='ltr'>aput</span> <span class='ocrx_word' id='word_1_62' title='bbox 936 601 1140 627; x_wconf 81' lang='lat' dir='ltr'>cacanum</span> <span class='ocrx_word' id='word_1_63' title='bbox 1172 586 1400 637; x_wconf 80' lang='lat' dir='ltr'>demorari,</span> <span class='ocrx_word' id='word_1_64' title='bbox 1433 586 1570 626; x_wconf 87' lang='lat' dir='ltr'>eidem</span> <span class='ocrx_word' id='word_1_65' title='bbox 1601 600 1755 627; x_wconf 79' lang='lat' dir='ltr'>cacano</span> 
     </span>
     <span class='ocr_line' id='line_1_10' title="bbox 268 642 1756 698; baseline -0.002 -14"><span class='ocrx_word' id='word_1_66' title='bbox 268 645 480 684; x_wconf 77' lang='lat' dir='ltr'>Avarumi</span> <span class='ocrx_word' id='word_1_67' title='bbox 514 644 603 698; x_wconf 80' lang='lat' dir='ltr'>regi</span> <span class='ocrx_word' id='word_1_68' title='bbox 630 658 706 698; x_wconf 87' lang='lat' dir='ltr'>per</span> <span class='ocrx_word' id='word_1_69' title='bbox 735 642 896 697; x_wconf 76' lang='lat' dir='ltr'>legatos</span> <span class='ocrx_word' id='word_1_70' title='bbox 926 642 1143 683; x_wconf 80' lang='lat' dir='ltr'>mandavit</span> <span class='ocrx_word' id='word_1_71' title='bbox 1154 674 1165 693; x_wconf 75' lang='lat'><strong><em>&gt;</em></strong></span> <span class='ocrx_word' id='word_1_72' title='bbox 1196 650 1259 694; x_wconf 72' lang='lat' dir='ltr'>ut,</span> <span class='ocrx_word' id='word_1_73' title='bbox 1292 642 1324 682; x_wconf 83' lang='lat' dir='ltr'>si</span> <span class='ocrx_word' id='word_1_74' title='bbox 1354 642 1576 682; x_wconf 86' lang='lat' dir='ltr'>Perctariti</span> <span class='ocrx_word' id='word_1_75' title='bbox 1608 642 1649 681; x_wconf 88' lang='lat' dir='ltr'>in</span> <span class='ocrx_word' id='word_1_76' title='bbox 1681 656 1756 682; x_wconf 87' lang='lat' dir='ltr'>suo</span> 
     </span>
     <span class='ocr_line' id='line_1_11' title="bbox 268 697 1754 754; baseline -0.003 -14"><span class='ocrx_word' id='word_1_77' title='bbox 268 714 399 754; x_wconf 85' lang='lat' dir='ltr'>regno</span> <span class='ocrx_word' id='word_1_78' title='bbox 440 699 657 751; x_wconf 82' lang='lat' dir='ltr'>detineret,</span> <span class='ocrx_word' id='word_1_79' title='bbox 698 713 793 739; x_wconf 87' lang='lat' dir='ltr'>cum</span> <span class='ocrx_word' id='word_1_80' title='bbox 830 697 1121 752; x_wconf 71' lang='lat' dir='ltr'>Langobardis</span> <span class='ocrx_word' id='word_1_81' title='bbox 1162 704 1202 738; x_wconf 89' lang='lat' dir='ltr'>ct</span> <span class='ocrx_word' id='word_1_82' title='bbox 1241 711 1381 738; x_wconf 80' lang='lat' dir='ltr'>secum</span> <span class='ocrx_word' id='word_1_83' title='bbox 1414 711 1585 751; x_wconf 76' lang='lat' dir='ltr'>pacem,</span> <span class='ocrx_word' id='word_1_84' title='bbox 1628 711 1754 752; x_wconf 85' lang='lat' dir='ltr'>quam</span> 
     </span>
     <span class='ocr_line' id='line_1_12' title="bbox 267 752 1757 808; baseline -0.002 -13"><span class='ocrx_word' id='word_1_85' title='bbox 267 755 471 796; x_wconf 81' lang='lat' dir='ltr'>hactenus</span> <span class='ocrx_word' id='word_1_86' title='bbox 501 754 716 807; x_wconf 78' lang='lat' dir='ltr'>habuerat,</span> <span class='ocrx_word' id='word_1_87' title='bbox 747 754 945 808; x_wconf 84' lang='lat' dir='ltr'>deinceps</span> <span class='ocrx_word' id='word_1_88' title='bbox 975 754 1129 794; x_wconf 84' lang='lat' dir='ltr'>habere</span> <span class='ocrx_word' id='word_1_89' title='bbox 1151 768 1233 793; x_wconf 91' lang='lat' dir='ltr'>non</span> <span class='ocrx_word' id='word_1_90' title='bbox 1264 753 1399 807; x_wconf 79' lang='lat' dir='ltr'>possit</span> <span class='ocrx_word' id='word_1_91' title='bbox 1411 753 1442 792; x_wconf 64' lang='lat'>¹³.</span> <span class='ocrx_word' id='word_1_92' title='bbox 1501 752 1620 793; x_wconf 88' lang='lat' dir='ltr'>Haec</span> <span class='ocrx_word' id='word_1_93' title='bbox 1646 752 1757 792; x_wconf 78' lang='lat' dir='ltr'>Ava-</span> 
     </span>
     <span class='ocr_line' id='line_1_13' title="bbox 268 808 1757 863; baseline -0.003 -12"><span class='ocrx_word' id='word_1_94' title='bbox 268 812 379 851; x_wconf 86' lang='lat' dir='ltr'>rum¹</span> <span class='ocrx_word' id='word_1_95' title='bbox 421 826 496 852; x_wconf 82' lang='lat' dir='ltr'>rex</span> <span class='ocrx_word' id='word_1_96' title='bbox 534 809 730 862; x_wconf 81' lang='lat' dir='ltr'>audiens,</span> <span class='ocrx_word' id='word_1_97' title='bbox 772 810 930 850; x_wconf 82' lang='lat' dir='ltr'>adscito</span> <span class='ocrx_word' id='word_1_98' title='bbox 960 810 1190 862; x_wconf 78' lang='lat' dir='ltr'>Perctarit,</span> <span class='ocrx_word' id='word_1_99' title='bbox 1222 808 1329 848; x_wconf 81' lang='lat' dir='ltr'>dixit</span> <span class='ocrx_word' id='word_1_100' title='bbox 1360 809 1411 859; x_wconf 83' lang='lat' dir='ltr'>ci,</span> <span class='ocrx_word' id='word_1_101' title='bbox 1441 815 1525 848; x_wconf 81' lang='lat' dir='ltr'>utm</span> <span class='ocrx_word' id='word_1_102' title='bbox 1556 809 1600 848; x_wconf 88' lang='lat' dir='ltr'>in</span> <span class='ocrx_word' id='word_1_103' title='bbox 1631 822 1757 863; x_wconf 84' lang='lat' dir='ltr'>quam</span> 
     </span>
     <span class='ocr_line' id='line_1_14' title="bbox 268 863 1757 922; baseline -0.003 -15"><span class='ocrx_word' id='word_1_104' title='bbox 268 873 432 922; x_wconf 83' lang='lat' dir='ltr'>partem</span> <span class='ocrx_word' id='word_1_105' title='bbox 462 865 588 907; x_wconf 83' lang='lat' dir='ltr'>vellet</span> <span class='ocrx_word' id='word_1_106' title='bbox 626 872 840 919; x_wconf 69' lang='lat' dir='ltr'>pergeret,</span> <span class='ocrx_word' id='word_1_107' title='bbox 878 879 930 905; x_wconf 88' lang='lat' dir='ltr'>ne</span> <span class='ocrx_word' id='word_1_108' title='bbox 971 872 1143 919; x_wconf 85' lang='lat' dir='ltr'>propter</span> <span class='ocrx_word' id='word_1_109' title='bbox 1183 879 1279 905; x_wconf 88' lang='lat' dir='ltr'>cum</span> <span class='ocrx_word' id='word_1_110' title='bbox 1310 863 1472 905; x_wconf 76' lang='lat' dir='ltr'>Avares</span> <span class='ocrx_word' id='word_1_111' title='bbox 1513 878 1609 904; x_wconf 88' lang='lat' dir='ltr'>cum</span> <span class='ocrx_word' id='word_1_112' title='bbox 1649 864 1757 903; x_wconf 83' lang='lat' dir='ltr'>Lan—</span> 
     </span>
     <span class='ocr_line' id='line_1_15' title="bbox 269 919 1756 977; baseline -0.001 -15"><span class='ocrx_word' id='word_1_113' title='bbox 269 921 468 977; x_wconf 83' lang='lat' dir='ltr'>gobardis</span> <span class='ocrx_word' id='word_1_114' title='bbox 523 922 764 962; x_wconf 82' lang='lat' dir='ltr'>inimicitias</span> <span class='ocrx_word' id='word_1_115' title='bbox 777 929 792 947; x_wconf 85' lang='lat'>¹¹</span> <span class='ocrx_word' id='word_1_116' title='bbox 844 920 1174 961; x_wconf 45' lang='lat' dir='ltr'>contraherent&amp;</span> <span class='ocrx_word' id='word_1_117' title='bbox 1252 919 1460 960; x_wconf 84' lang='lat' dir='ltr'>Perctarit</span> <span class='ocrx_word' id='word_1_118' title='bbox 1507 934 1608 960; x_wconf 72' lang='lat' dir='ltr'>vcro</span> <span class='ocrx_word' id='word_1_119' title='bbox 1652 919 1756 960; x_wconf 86' lang='lat' dir='ltr'>haec</span> 
     </span>
     <span class='ocr_line' id='line_1_16' title="bbox 269 974 1758 1030; baseline -0.002 -12"><span class='ocrx_word' id='word_1_120' title='bbox 269 977 458 1030; x_wconf 81' lang='lat' dir='ltr'>audiens,</span> <span class='ocrx_word' id='word_1_121' title='bbox 479 977 645 1018; x_wconf 87' lang='lat' dir='ltr'>Italiam</span> <span class='ocrx_word' id='word_1_122' title='bbox 666 976 720 1017; x_wconf 81' lang='lat' dir='ltr'>ad</span> <span class='ocrx_word' id='word_1_123' title='bbox 742 975 1037 1017; x_wconf 81' lang='lat' dir='ltr'>Grimualdum</span> <span class='ocrx_word' id='word_1_124' title='bbox 1058 983 1330 1016; x_wconf 79' lang='lat' dir='ltr'>reversurus⁰</span> <span class='ocrx_word' id='word_1_125' title='bbox 1351 975 1536 1030; x_wconf 77' lang='lat' dir='ltr'>repetiit3</span> <span class='ocrx_word' id='word_1_126' title='bbox 1567 974 1758 1016; x_wconf 81' lang='lat' dir='ltr'>audierat</span> 
     </span>
    </p>
   </div>
   <div class='ocr_carea' id='block_1_3' title="bbox 270 1094 1757 1478">
    <p class='ocr_par' dir='ltr' id='par_1_4' title="bbox 270 1094 1757 1478">
     <span class='ocr_line' id='line_1_17' title="bbox 271 1094 1754 1128; baseline -0.001 -7"><span class='ocrx_word' id='word_1_127' title='bbox 271 1096 299 1128; x_wconf 80' lang='lat' dir='ltr'>a)</span> <span class='ocrx_word' id='word_1_128' title='bbox 324 1097 453 1121; x_wconf 85' lang='lat' dir='ltr'>multum</span> <span class='ocrx_word' id='word_1_129' title='bbox 476 1096 497 1121; x_wconf 85' lang='lat' dir='ltr'>C</span> <span class='ocrx_word' id='word_1_130' title='bbox 522 1096 560 1120; x_wconf 84' lang='grc'>’1.</span> <span class='ocrx_word' id='word_1_131' title='bbox 586 1096 611 1121; x_wconf 80' lang='lat' dir='ltr'>G</span> <span class='ocrx_word' id='word_1_132' title='bbox 633 1097 659 1121; x_wconf 86' lang='lat'>3.</span> <span class='ocrx_word' id='word_1_133' title='bbox 683 1096 710 1120; x_wconf 86' lang='grc'>4,</span> <span class='ocrx_word' id='word_1_134' title='bbox 812 1094 842 1127; x_wconf 85' lang='lat' dir='ltr'>b)</span> <span class='ocrx_word' id='word_1_135' title='bbox 865 1096 936 1119; x_wconf 74' lang='lat' dir='ltr'>dees!</span> <span class='ocrx_word' id='word_1_136' title='bbox 960 1096 985 1119; x_wconf 63' lang='grc' dir='ltr'>(ὲ</span> <span class='ocrx_word' id='word_1_137' title='bbox 1008 1098 1034 1122; x_wconf 72' lang='grc'>2,</span> <span class='ocrx_word' id='word_1_138' title='bbox 1136 1095 1162 1127; x_wconf 84' lang='lat' dir='ltr'>c)</span> <span class='ocrx_word' id='word_1_139' title='bbox 1188 1096 1315 1120; x_wconf 66' lang='lat' dir='ltr'>ditatum</span> <span class='ocrx_word' id='word_1_140' title='bbox 1337 1096 1362 1120; x_wconf 87' lang='lat' dir='ltr'><strong>A</strong></span> <span class='ocrx_word' id='word_1_141' title='bbox 1387 1096 1412 1121; x_wconf 85' lang='lat'>3.</span> <span class='ocrx_word' id='word_1_142' title='bbox 1434 1097 1471 1120; x_wconf 79' lang='lat' dir='ltr'>B.</span> <span class='ocrx_word' id='word_1_143' title='bbox 1496 1095 1527 1121; x_wconf 80' lang='lat' dir='ltr'>C.</span> <span class='ocrx_word' id='word_1_144' title='bbox 1550 1096 1576 1120; x_wconf 90' lang='lat' dir='ltr'>D</span> <span class='ocrx_word' id='word_1_145' title='bbox 1599 1098 1623 1119; x_wconf 75' lang='lat' dir='ltr'>ec</span> <span class='ocrx_word' id='word_1_146' title='bbox 1646 1103 1657 1118; x_wconf 67' lang='lat' dir='ltr'>e</span> <span class='ocrx_word' id='word_1_147' title='bbox 1680 1102 1754 1120; x_wconf 82' lang='lat' dir='ltr'>corr.</span> 
     </span>
     <span class='ocr_line' id='line_1_18' title="bbox 270 1133 1757 1166; baseline -0.001 -8"><span class='ocrx_word' id='word_1_148' title='bbox 270 1136 293 1160; x_wconf 79' lang='lat' dir='ltr'>F</span> <span class='ocrx_word' id='word_1_149' title='bbox 317 1137 342 1161; x_wconf 84' lang='lat'>1.</span> <span class='ocrx_word' id='word_1_150' title='bbox 367 1136 393 1159; x_wconf 62' lang='lat' dir='ltr'>(jv</span> <span class='ocrx_word' id='word_1_151' title='bbox 417 1137 442 1160; x_wconf 88' lang='lat'>1.</span> <span class='ocrx_word' id='word_1_152' title='bbox 465 1136 498 1164; x_wconf 75' lang='lat'>43</span> <span class='ocrx_word' id='word_1_153' title='bbox 534 1136 661 1159; x_wconf 80' lang='lat' dir='ltr'>multum</span> <span class='ocrx_word' id='word_1_154' title='bbox 694 1135 806 1159; x_wconf 85' lang='lat' dir='ltr'>ditatus</span> <span class='ocrx_word' id='word_1_155' title='bbox 829 1135 851 1158; x_wconf 86' lang='lat' dir='ltr'>F</span> <span class='ocrx_word' id='word_1_156' title='bbox 875 1135 909 1165; x_wconf 73' lang='lat'>43</span> <span class='ocrx_word' id='word_1_157' title='bbox 942 1135 1052 1159; x_wconf 79' lang='lat' dir='ltr'>ditatos</span> <span class='ocrx_word' id='word_1_158' title='bbox 1085 1134 1110 1159; x_wconf 87' lang='lat' dir='ltr'>A</span> <span class='ocrx_word' id='word_1_159' title='bbox 1133 1136 1159 1159; x_wconf 84' lang='grc'>6.</span> <span class='ocrx_word' id='word_1_160' title='bbox 1183 1136 1207 1159; x_wconf 80' lang='grc' dir='ltr'>Ε</span> <span class='ocrx_word' id='word_1_161' title='bbox 1231 1136 1262 1165; x_wconf 75' lang='grc'>2;</span> <span class='ocrx_word' id='word_1_162' title='bbox 1295 1135 1438 1159; x_wconf 84' lang='lat' dir='ltr'>donatum</span> <span class='ocrx_word' id='word_1_163' title='bbox 1461 1135 1487 1159; x_wconf 83' lang='lat' dir='ltr'>A</span> <span class='ocrx_word' id='word_1_164' title='bbox 1510 1136 1537 1160; x_wconf 82' lang='lat'>2.</span> <span class='ocrx_word' id='word_1_165' title='bbox 1638 1133 1668 1166; x_wconf 89' lang='lat' dir='ltr'>d)</span> <span class='ocrx_word' id='word_1_166' title='bbox 1692 1141 1757 1164; x_wconf 83' lang='lat' dir='ltr'>pro-</span> 
     </span>
     <span class='ocr_line' id='line_1_19' title="bbox 270 1172 1755 1206; baseline -0.001 -8"><span class='ocrx_word' id='word_1_167' title='bbox 270 1175 368 1206; x_wconf 82' lang='lat' dir='ltr'>priam</span> <span class='ocrx_word' id='word_1_168' title='bbox 392 1173 466 1199; x_wconf 87' lang='lat' dir='ltr'>C&#39;l.</span> <span class='ocrx_word' id='word_1_169' title='bbox 493 1175 519 1198; x_wconf 90' lang='lat'>1.</span> <span class='ocrx_word' id='word_1_170' title='bbox 603 1173 631 1205; x_wconf 85' lang='lat' dir='ltr'>e)</span> <span class='ocrx_word' id='word_1_171' title='bbox 656 1174 806 1204; x_wconf 69' lang='lat' dir='ltr'>comperiit</span> <span class='ocrx_word' id='word_1_172' title='bbox 827 1174 849 1197; x_wconf 81' lang='lat' dir='ltr'>F</span> <span class='ocrx_word' id='word_1_173' title='bbox 874 1175 900 1199; x_wconf 77' lang='lat'>1.</span> <span class='ocrx_word' id='word_1_174' title='bbox 981 1173 1004 1205; x_wconf 83' lang='lat' dir='ltr'>f)</span> <span class='ocrx_word' id='word_1_175' title='bbox 1027 1174 1223 1198; x_wconf 80' lang='lat' dir='ltr'>Pcrcatharid</span> <span class='ocrx_word' id='word_1_176' title='bbox 1245 1175 1294 1198; x_wconf 75' lang='lat' dir='ltr'>hoc</span> <span class='ocrx_word' id='word_1_177' title='bbox 1315 1174 1374 1197; x_wconf 76' lang='lat' dir='ltr'>loco</span> <span class='ocrx_word' id='word_1_178' title='bbox 1397 1173 1419 1198; x_wconf 89' lang='lat' dir='ltr'>C</span> <span class='ocrx_word' id='word_1_179' title='bbox 1435 1175 1460 1199; x_wconf 86' lang='lat' dir='ltr'>l.</span> <span class='ocrx_word' id='word_1_180' title='bbox 1544 1172 1574 1205; x_wconf 84' lang='lat' dir='ltr'>g)</span> <span class='ocrx_word' id='word_1_181' title='bbox 1597 1173 1755 1198; x_wconf 76' lang='lat' dir='ltr'>Scitthiam</span> 
     </span>
     <span class='ocr_line' id='line_1_20' title="bbox 271 1210 1755 1243; baseline -0.001 -5"><span class='ocrx_word' id='word_1_182' title='bbox 271 1214 293 1238; x_wconf 88' lang='lat' dir='ltr'>C</span> <span class='ocrx_word' id='word_1_183' title='bbox 316 1210 356 1239; x_wconf 75' lang='lat'>²1.</span> <span class='ocrx_word' id='word_1_184' title='bbox 380 1213 406 1237; x_wconf 94' lang='lat' dir='ltr'>D</span> <span class='ocrx_word' id='word_1_185' title='bbox 432 1214 476 1238; x_wconf 85' lang='lat' dir='ltr'>la.</span> <span class='ocrx_word' id='word_1_186' title='bbox 501 1212 525 1237; x_wconf 84' lang='lat' dir='ltr'><strong>G</strong></span> <span class='ocrx_word' id='word_1_187' title='bbox 550 1213 575 1237; x_wconf 85' lang='lat'>1.</span> <span class='ocrx_word' id='word_1_188' title='bbox 599 1214 634 1243; x_wconf 75' lang='lat'>43</span> <span class='ocrx_word' id='word_1_189' title='bbox 658 1212 837 1237; x_wconf 77' lang='lat' dir='ltr'>Schitthiam</span> <span class='ocrx_word' id='word_1_190' title='bbox 860 1213 882 1236; x_wconf 78' lang='lat' dir='ltr'>F</span> <span class='ocrx_word' id='word_1_191' title='bbox 907 1214 937 1243; x_wconf 73' lang='lat'>13</span> <span class='ocrx_word' id='word_1_192' title='bbox 962 1212 1101 1237; x_wconf 83' lang='lat' dir='ltr'>Scittiam</span> <span class='ocrx_word' id='word_1_193' title='bbox 1123 1220 1198 1237; x_wconf 73' lang='lat' dir='ltr'>corr.</span> <span class='ocrx_word' id='word_1_194' title='bbox 1223 1212 1380 1237; x_wconf 70' lang='lat' dir='ltr'>Seitthiam</span> <span class='ocrx_word' id='word_1_195' title='bbox 1405 1212 1430 1237; x_wconf 83' lang='lat' dir='ltr'>G</span> <span class='ocrx_word' id='word_1_196' title='bbox 1453 1214 1479 1237; x_wconf 82' lang='lat'>3.</span> <span class='ocrx_word' id='word_1_197' title='bbox 1524 1212 1599 1241; x_wconf 76' lang='lat' dir='ltr'>Quae</span> <span class='ocrx_word' id='word_1_198' title='bbox 1621 1213 1644 1236; x_wconf 89' lang='lat' dir='ltr'>L</span> <span class='ocrx_word' id='word_1_199' title='bbox 1669 1213 1681 1236; x_wconf 89' lang='lat'>1</span> <span class='ocrx_word' id='word_1_200' title='bbox 1699 1212 1755 1242; x_wconf 82' lang='lat' dir='ltr'>fol.</span> 
     </span>
     <span class='ocr_line' id='line_1_21' title="bbox 272 1251 1755 1282; baseline -0.002 -5"><span class='ocrx_word' id='word_1_201' title='bbox 272 1253 337 1277; x_wconf 72' lang='lat'>170.</span> <span class='ocrx_word' id='word_1_202' title='bbox 369 1252 447 1276; x_wconf 62' lang='lat' dir='ltr'>addit</span> <span class='ocrx_word' id='word_1_203' title='bbox 479 1259 504 1277; x_wconf 71' lang='lat'>2¹.</span> <span class='ocrx_word' id='word_1_204' title='bbox 537 1252 620 1277; x_wconf 70' lang='lat' dir='ltr'>Arch.</span> <span class='ocrx_word' id='word_1_205' title='bbox 653 1251 702 1280; x_wconf 76' lang='lat' dir='ltr'>IX.</span> <span class='ocrx_word' id='word_1_206' title='bbox 733 1260 762 1282; x_wconf 72' lang='lat' dir='ltr'>p.</span> <span class='ocrx_word' id='word_1_207' title='bbox 788 1252 859 1282; x_wconf 74' lang='lat'>7033</span> <span class='ocrx_word' id='word_1_208' title='bbox 890 1251 916 1275; x_wconf 76' lang='lat' dir='ltr'><strong>A</strong></span> <span class='ocrx_word' id='word_1_209' title='bbox 939 1253 954 1275; x_wconf 86' lang='grc'>6</span> <span class='ocrx_word' id='word_1_210' title='bbox 978 1252 1197 1275; x_wconf 65' lang='lat' dir='ltr'>additamentum</span> <span class='ocrx_word' id='word_1_211' title='bbox 1229 1252 1308 1275; x_wconf 69' lang='lat' dir='ltr'>habel</span> <span class='ocrx_word' id='word_1_212' title='bbox 1342 1253 1374 1275; x_wconf 69' lang='lat' dir='ltr'>(le</span> <span class='ocrx_word' id='word_1_213' title='bbox 1403 1251 1517 1280; x_wconf 66' lang='grc' dir='ltr'>,δ’σὶζὶιία,</span> <span class='ocrx_word' id='word_1_214' title='bbox 1546 1252 1686 1275; x_wconf 70' lang='lat' dir='ltr'>Hircania</span> <span class='ocrx_word' id='word_1_215' title='bbox 1708 1254 1755 1275; x_wconf 76' lang='lat' dir='ltr'>etc.</span> 
     </span>
     <span class='ocr_line' id='line_1_22' title="bbox 270 1289 1755 1322; baseline 0 -8"><span class='ocrx_word' id='word_1_216' title='bbox 270 1290 301 1322; x_wconf 85' lang='lat' dir='ltr'>h)</span> <span class='ocrx_word' id='word_1_217' title='bbox 325 1291 490 1322; x_wconf 81' lang='lat' dir='ltr'>appetisset</span> <span class='ocrx_word' id='word_1_218' title='bbox 512 1291 535 1314; x_wconf 79' lang='lat' dir='ltr'>F</span> <span class='ocrx_word' id='word_1_219' title='bbox 561 1293 586 1317; x_wconf 84' lang='grc'>1,</span> <span class='ocrx_word' id='word_1_220' title='bbox 667 1290 688 1321; x_wconf 87' lang='grc'>1)</span> <span class='ocrx_word' id='word_1_221' title='bbox 712 1290 881 1315; x_wconf 79' lang='lat' dir='ltr'>Avarorum</span> <span class='ocrx_word' id='word_1_222' title='bbox 903 1291 927 1315; x_wconf 87' lang='lat' dir='ltr'>B</span> <span class='ocrx_word' id='word_1_223' title='bbox 953 1292 977 1316; x_wconf 92' lang='lat' dir='ltr'>l.</span> <span class='ocrx_word' id='word_1_224' title='bbox 1001 1292 1021 1315; x_wconf 79' lang='lat' dir='ltr'>C</span> <span class='ocrx_word' id='word_1_225' title='bbox 1047 1290 1085 1314; x_wconf 86' lang='lat'>&#39;1.</span> <span class='ocrx_word' id='word_1_226' title='bbox 1112 1292 1136 1315; x_wconf 90' lang='lat'>1.</span> <span class='ocrx_word' id='word_1_227' title='bbox 1160 1290 1186 1314; x_wconf 94' lang='lat' dir='ltr'>D</span> <span class='ocrx_word' id='word_1_228' title='bbox 1211 1291 1235 1315; x_wconf 74' lang='lat'>2.</span> <span class='ocrx_word' id='word_1_229' title='bbox 1260 1290 1285 1314; x_wconf 84' lang='lat' dir='ltr'>G</span> <span class='ocrx_word' id='word_1_230' title='bbox 1308 1292 1333 1315; x_wconf 72' lang='lat'>2.</span> <span class='ocrx_word' id='word_1_231' title='bbox 1415 1289 1446 1321; x_wconf 76' lang='lat' dir='ltr'>k)</span> <span class='ocrx_word' id='word_1_232' title='bbox 1470 1293 1571 1321; x_wconf 78' lang='lat' dir='ltr'>posset</span> <span class='ocrx_word' id='word_1_233' title='bbox 1592 1291 1616 1314; x_wconf 85' lang='lat' dir='ltr'>B</span> <span class='ocrx_word' id='word_1_234' title='bbox 1642 1292 1666 1315; x_wconf 89' lang='lat'>1.</span> <span class='ocrx_word' id='word_1_235' title='bbox 1691 1290 1713 1315; x_wconf 88' lang='lat' dir='ltr'>C</span> <span class='ocrx_word' id='word_1_236' title='bbox 1730 1291 1755 1314; x_wconf 92' lang='lat'>1.</span> 
     </span>
     <span class='ocr_line' id='line_1_23' title="bbox 272 1328 1755 1361; baseline 0 -7"><span class='ocrx_word' id='word_1_237' title='bbox 272 1329 298 1354; x_wconf 80' lang='lat' dir='ltr'>G</span> <span class='ocrx_word' id='word_1_238' title='bbox 322 1330 348 1361; x_wconf 74' lang='lat'>2,</span> <span class='ocrx_word' id='word_1_239' title='bbox 371 1330 432 1354; x_wconf 79' lang='lat' dir='ltr'>alii.</span> <span class='ocrx_word' id='word_1_240' title='bbox 514 1329 537 1361; x_wconf 90' lang='lat'>1)</span> <span class='ocrx_word' id='word_1_241' title='bbox 561 1330 679 1354; x_wconf 76' lang='lat' dir='ltr'>Avarus</span> <span class='ocrx_word' id='word_1_242' title='bbox 702 1331 728 1354; x_wconf 76' lang='lat' dir='ltr'><strong>A</strong></span> <span class='ocrx_word' id='word_1_243' title='bbox 751 1331 776 1355; x_wconf 87' lang='lat'>3.</span> <span class='ocrx_word' id='word_1_244' title='bbox 799 1332 825 1355; x_wconf 75' lang='lat'>6.</span> <span class='ocrx_word' id='word_1_245' title='bbox 849 1330 883 1353; x_wconf 87' lang='lat' dir='ltr'>B.</span> <span class='ocrx_word' id='word_1_246' title='bbox 907 1330 930 1353; x_wconf 84' lang='lat' dir='ltr'>F</span> <span class='ocrx_word' id='word_1_247' title='bbox 956 1331 980 1354; x_wconf 91' lang='lat'>1.</span> <span class='ocrx_word' id='word_1_248' title='bbox 1007 1332 1041 1360; x_wconf 55' lang='lat' dir='ltr'>(J,</span> <span class='ocrx_word' id='word_1_249' title='bbox 1064 1337 1138 1354; x_wconf 70' lang='lat' dir='ltr'>coo-r.</span> <span class='ocrx_word' id='word_1_250' title='bbox 1161 1329 1295 1353; x_wconf 80' lang='lat' dir='ltr'>Avarum</span> <span class='ocrx_word' id='word_1_251' title='bbox 1317 1329 1343 1353; x_wconf 82' lang='lat' dir='ltr'>A</span> <span class='ocrx_word' id='word_1_252' title='bbox 1368 1330 1398 1359; x_wconf 80' lang='lat'>‘.’;</span> <span class='ocrx_word' id='word_1_253' title='bbox 1430 1329 1599 1354; x_wconf 76' lang='lat' dir='ltr'>Avarorum</span> <span class='ocrx_word' id='word_1_254' title='bbox 1623 1330 1644 1353; x_wconf 78' lang='lat' dir='ltr'>G</span> <span class='ocrx_word' id='word_1_255' title='bbox 1668 1328 1706 1354; x_wconf 80' lang='grc'>’1.</span> <span class='ocrx_word' id='word_1_256' title='bbox 1733 1330 1755 1354; x_wconf 91' lang='grc'>1.</span> 
     </span>
     <span class='ocr_line' id='line_1_24' title="bbox 270 1368 1754 1400; baseline -0.001 -7"><span class='ocrx_word' id='word_1_257' title='bbox 270 1369 309 1393; x_wconf 92' lang='lat' dir='ltr'>D.</span> <span class='ocrx_word' id='word_1_258' title='bbox 332 1369 355 1392; x_wconf 77' lang='lat' dir='ltr'>F</span> <span class='ocrx_word' id='word_1_259' title='bbox 379 1369 405 1393; x_wconf 87' lang='lat'>5.</span> <span class='ocrx_word' id='word_1_260' title='bbox 438 1369 466 1392; x_wconf 90' lang='lat' dir='ltr'>H</span> <span class='ocrx_word' id='word_1_261' title='bbox 490 1370 520 1398; x_wconf 83' lang='grc'>1;</span> <span class='ocrx_word' id='word_1_262' title='bbox 553 1369 671 1393; x_wconf 75' lang='lat' dir='ltr'>Avarus</span> <span class='ocrx_word' id='word_1_263' title='bbox 704 1369 734 1393; x_wconf 74' lang='lat' dir='ltr'>in</span> <span class='ocrx_word' id='word_1_264' title='bbox 767 1369 914 1399; x_wconf 66' lang='lat' dir='ltr'>archetypo</span> <span class='ocrx_word' id='word_1_265' title='bbox 946 1369 1080 1399; x_wconf 70' lang='lat' dir='ltr'>scriptum</span> <span class='ocrx_word' id='word_1_266' title='bbox 1104 1368 1199 1399; x_wconf 73' lang='lat' dir='ltr'>juisse</span> <span class='ocrx_word' id='word_1_267' title='bbox 1225 1368 1364 1399; x_wconf 70' lang='lat' dir='ltr'>putarim,</span> <span class='ocrx_word' id='word_1_268' title='bbox 1386 1369 1433 1392; x_wconf 79' lang='lat' dir='ltr'>sed</span> <span class='ocrx_word' id='word_1_269' title='bbox 1454 1372 1553 1392; x_wconf 75' lang='lat' dir='ltr'>contra</span> <span class='ocrx_word' id='word_1_270' title='bbox 1569 1368 1655 1400; x_wconf 78' lang='lat' dir='ltr'>fidem</span> <span class='ocrx_word' id='word_1_271' title='bbox 1676 1368 1754 1392; x_wconf 74' lang='lat' dir='ltr'>codd.</span> 
     </span>
     <span class='ocr_line' id='line_1_25' title="bbox 271 1406 1755 1439; baseline -0.001 -8"><span class='ocrx_word' id='word_1_272' title='bbox 271 1407 298 1431; x_wconf 92' lang='lat' dir='ltr'>A</span> <span class='ocrx_word' id='word_1_273' title='bbox 322 1408 348 1434; x_wconf 82' lang='lat'>1,</span> <span class='ocrx_word' id='word_1_274' title='bbox 370 1408 398 1432; x_wconf 81' lang='lat'>4.</span> <span class='ocrx_word' id='word_1_275' title='bbox 423 1407 448 1432; x_wconf 81' lang='lat'>5.</span> <span class='ocrx_word' id='word_1_276' title='bbox 473 1407 496 1430; x_wconf 82' lang='lat' dir='ltr'>E</span> <span class='ocrx_word' id='word_1_277' title='bbox 522 1410 532 1431; x_wconf 87' lang='lat'><em>1</em></span> <span class='ocrx_word' id='word_1_278' title='bbox 567 1409 686 1439; x_wconf 70' lang='lat' dir='ltr'>recipere</span> <span class='ocrx_word' id='word_1_279' title='bbox 707 1408 797 1433; x_wconf 66' lang='lat' dir='ltr'>nolui.</span> <span class='ocrx_word' id='word_1_280' title='bbox 887 1407 928 1439; x_wconf 87' lang='lat' dir='ltr'>m)</span> <span class='ocrx_word' id='word_1_281' title='bbox 951 1408 1022 1432; x_wconf 70' lang='lat' dir='ltr'>dees!</span> <span class='ocrx_word' id='word_1_282' title='bbox 1044 1408 1068 1432; x_wconf 94' lang='lat' dir='ltr'>B</span> <span class='ocrx_word' id='word_1_283' title='bbox 1094 1409 1118 1432; x_wconf 88' lang='lat'>1.</span> <span class='ocrx_word' id='word_1_284' title='bbox 1210 1407 1241 1438; x_wconf 87' lang='lat' dir='ltr'>n)</span> <span class='ocrx_word' id='word_1_285' title='bbox 1266 1407 1459 1432; x_wconf 78' lang='lat' dir='ltr'>inimicitiam</span> <span class='ocrx_word' id='word_1_286' title='bbox 1481 1408 1507 1432; x_wconf 90' lang='lat' dir='ltr'>A</span> <span class='ocrx_word' id='word_1_287' title='bbox 1530 1406 1570 1432; x_wconf 85' lang='lat'>·3.</span> <span class='ocrx_word' id='word_1_288' title='bbox 1664 1406 1692 1439; x_wconf 89' lang='grc' dir='ltr'>ο)</span> <span class='ocrx_word' id='word_1_289' title='bbox 1715 1408 1755 1430; x_wconf 75' lang='lat' dir='ltr'>ita</span> 
     </span>
     <span class='ocr_line' id='line_1_26' title="bbox 271 1445 1754 1478; baseline 0.001 -8"><span class='ocrx_word' id='word_1_290' title='bbox 271 1447 297 1470; x_wconf 88' lang='lat' dir='ltr'>A</span> <span class='ocrx_word' id='word_1_291' title='bbox 321 1447 346 1473; x_wconf 83' lang='lat'>1.</span> <span class='ocrx_word' id='word_1_292' title='bbox 369 1446 396 1472; x_wconf 87' lang='lat'>3.</span> <span class='ocrx_word' id='word_1_293' title='bbox 419 1447 446 1470; x_wconf 80' lang='lat'>4.</span> <span class='ocrx_word' id='word_1_294' title='bbox 472 1446 504 1476; x_wconf 69' lang='grc' dir='ltr'>ὃς</span> <span class='ocrx_word' id='word_1_295' title='bbox 527 1454 665 1471; x_wconf 76' lang='lat' dir='ltr'>reversus</span> <span class='ocrx_word' id='word_1_296' title='bbox 688 1448 713 1471; x_wconf 95' lang='lat' dir='ltr'><strong>A</strong></span> <span class='ocrx_word' id='word_1_297' title='bbox 737 1447 763 1472; x_wconf 80' lang='lat'>2.</span> <span class='ocrx_word' id='word_1_298' title='bbox 787 1448 810 1471; x_wconf 86' lang='grc' dir='ltr'>Β</span> <span class='ocrx_word' id='word_1_299' title='bbox 837 1448 861 1471; x_wconf 87' lang='grc'>1.</span> <span class='ocrx_word' id='word_1_300' title='bbox 887 1446 918 1471; x_wconf 89' lang='lat' dir='ltr'>C.</span> <span class='ocrx_word' id='word_1_301' title='bbox 941 1447 979 1470; x_wconf 91' lang='lat' dir='ltr'>D.</span> <span class='ocrx_word' id='word_1_302' title='bbox 1001 1447 1033 1471; x_wconf 80' lang='lat' dir='ltr'>F.</span> <span class='ocrx_word' id='word_1_303' title='bbox 1059 1445 1102 1476; x_wconf 72' lang='lat' dir='ltr'>G?</span> <span class='ocrx_word' id='word_1_304' title='bbox 1126 1447 1289 1471; x_wconf 77' lang='lat' dir='ltr'>revertitur</span> <span class='ocrx_word' id='word_1_305' title='bbox 1310 1447 1333 1471; x_wconf 89' lang='lat' dir='ltr'>B</span> <span class='ocrx_word' id='word_1_306' title='bbox 1358 1447 1383 1472; x_wconf 82' lang='lat'>2.</span> <span class='ocrx_word' id='word_1_307' title='bbox 1405 1461 1437 1465; x_wconf 83' lang='lat'>—-</span> <span class='ocrx_word' id='word_1_308' title='bbox 1461 1453 1525 1478; x_wconf 79' lang='lat' dir='ltr'>rep.</span> <span class='ocrx_word' id='word_1_309' title='bbox 1547 1447 1619 1470; x_wconf 74' lang='lat' dir='ltr'>deest</span> <span class='ocrx_word' id='word_1_310' title='bbox 1642 1446 1665 1470; x_wconf 85' lang='lat' dir='ltr'>B</span> <span class='ocrx_word' id='word_1_311' title='bbox 1680 1448 1705 1472; x_wconf 93' lang='lat' dir='ltr'>l.</span> <span class='ocrx_word' id='word_1_312' title='bbox 1729 1447 1754 1471; x_wconf 81' lang='lat'>2-</span> 
     </span>
    </p>
   </div>
   <div class='ocr_carea' id='block_1_4' title="bbox 266 1542 1756 2743">
    <p class='ocr_par' dir='ltr' id='par_1_5' title="bbox 266 1542 1756 2743">
     <span class='ocr_line' id='line_1_27' title="bbox 273 1542 1755 1587; baseline 0.001 -12"><span class='ocrx_word' id='word_1_313' title='bbox 273 1542 310 1586; x_wconf 88' lang='lat'>1)</span> <span class='ocrx_word' id='word_1_314' title='bbox 337 1544 546 1576; x_wconf 76' lang='lat' dir='ltr'>Firmiorem</span> <span class='ocrx_word' id='word_1_315' title='bbox 580 1545 704 1576; x_wconf 69' lang='lat' dir='ltr'>cacani</span> <span class='ocrx_word' id='word_1_316' title='bbox 729 1545 838 1586; x_wconf 74' lang='lat' dir='ltr'>fidem</span> <span class='ocrx_word' id='word_1_317' title='bbox 874 1557 951 1577; x_wconf 79' lang='lat' dir='ltr'>cum</span> <span class='ocrx_word' id='word_1_318' title='bbox 984 1544 1199 1577; x_wconf 71' lang='lat' dir='ltr'>BertlzarIclo</span> <span class='ocrx_word' id='word_1_319' title='bbox 1235 1544 1469 1587; x_wconf 70' lang='lat' dir='ltr'>cogsnosci&#39;mus</span> <span class='ocrx_word' id='word_1_320' title='bbox 1505 1556 1546 1577; x_wconf 68' lang='lat' dir='ltr'>ex</span> <span class='ocrx_word' id='word_1_321' title='bbox 1573 1544 1690 1577; x_wconf 76' lang='lat' dir='ltr'>Edcle‘o</span> <span class='ocrx_word' id='word_1_322' title='bbox 1718 1545 1755 1576; x_wconf 73' lang='lat' dir='ltr'>in</span> 
     </span>
     <span class='ocr_line' id='line_1_28' title="bbox 269 1592 1756 1635; baseline 0 -11"><span class='ocrx_word' id='word_1_323' title='bbox 269 1592 345 1625; x_wconf 72' lang='lat' dir='ltr'>vita</span> <span class='ocrx_word' id='word_1_324' title='bbox 371 1605 399 1625; x_wconf 86' lang='lat' dir='ltr'>s.</span> <span class='ocrx_word' id='word_1_325' title='bbox 436 1592 589 1635; x_wconf 64' lang='grc' dir='ltr'>ΠἾζῇ-ἱῐῖἰ</span> <span class='ocrx_word' id='word_1_326' title='bbox 611 1593 642 1624; x_wconf 93' lang='lat' dir='ltr'>I.</span> <span class='ocrx_word' id='word_1_327' title='bbox 670 1593 902 1625; x_wconf 66' lang='lat' dir='ltr'>Ehoracensz&#39;s</span> <span class='ocrx_word' id='word_1_328' title='bbox 931 1592 1192 1635; x_wconf 73' lang='lat' dir='ltr'>archiepiscopi,</span> <span class='ocrx_word' id='word_1_329' title='bbox 1219 1593 1315 1625; x_wconf 64' lang='lat' dir='ltr'>illius</span> <span class='ocrx_word' id='word_1_330' title='bbox 1347 1593 1426 1626; x_wconf 74' lang='lat' dir='ltr'>aevi</span> <span class='ocrx_word' id='word_1_331' title='bbox 1453 1593 1628 1635; x_wconf 73' lang='lat' dir='ltr'>scriptore,</span> <span class='ocrx_word' id='word_1_332' title='bbox 1658 1593 1756 1634; x_wconf 76' lang='lat' dir='ltr'>apud</span> 
     </span>
     <span class='ocr_line' id='line_1_29' title="bbox 269 1641 1755 1683; baseline 0.001 -11"><span class='ocrx_word' id='word_1_333' title='bbox 269 1641 515 1673; x_wconf 66' lang='lat' dir='ltr'>flIabz‘llonium</span> <span class='ocrx_word' id='word_1_334' title='bbox 535 1641 571 1673; x_wconf 77' lang='lat' dir='ltr'>in</span> <span class='ocrx_word' id='word_1_335' title='bbox 599 1642 790 1683; x_wconf 70' lang='lat' dir='ltr'>appendice</span> <span class='ocrx_word' id='word_1_336' title='bbox 807 1646 883 1674; x_wconf 80' lang='lat' dir='ltr'>tom.</span> <span class='ocrx_word' id='word_1_337' title='bbox 903 1641 970 1673; x_wconf 75' lang='grc' dir='ltr'>ῙΓ.</span> <span class='ocrx_word' id='word_1_338' title='bbox 999 1642 1130 1674; x_wconf 75' lang='lat' dir='ltr'>saeculi</span> <span class='ocrx_word' id='word_1_339' title='bbox 1146 1641 1367 1674; x_wconf 72' lang='lat' dir='ltr'>Benedietini</span> <span class='ocrx_word' id='word_1_340' title='bbox 1384 1653 1425 1683; x_wconf 75' lang='lat' dir='ltr'>p.</span> <span class='ocrx_word' id='word_1_341' title='bbox 1447 1642 1534 1672; x_wconf 85' lang='lat'>691.-</span> <span class='ocrx_word' id='word_1_342' title='bbox 1562 1642 1755 1683; x_wconf 82' lang='lat' dir='ltr'>Pergentes</span> 
     </span>
     <span class='ocr_line' id='line_1_30' title="bbox 268 1689 1754 1733; baseline -0.001 -12"><span class='ocrx_word' id='word_1_343' title='bbox 268 1691 401 1731; x_wconf 82' lang='lat' dir='ltr'>itaque,</span> <span class='ocrx_word' id='word_1_344' title='bbox 428 1689 545 1721; x_wconf 60' lang='lat' dir='ltr'>scribit</span> <span class='ocrx_word' id='word_1_345' title='bbox 572 1689 722 1730; x_wconf 70' lang='lat' dir='ltr'>Edclz&#39;us,</span> <span class='ocrx_word' id='word_1_346' title='bbox 750 1692 864 1722; x_wconf 82' lang='lat' dir='ltr'>sancti</span> <span class='ocrx_word' id='word_1_347' title='bbox 891 1691 1049 1733; x_wconf 83' lang='lat' dir='ltr'>episcopi</span> <span class='ocrx_word' id='word_1_348' title='bbox 1086 1691 1221 1732; x_wconf 74' lang='lat' dir='ltr'>(nempe</span> <span class='ocrx_word' id='word_1_349' title='bbox 1256 1689 1437 1731; x_wconf 54' lang='lat' dir='ltr'>U&#39;ilfridzts</span> <span class='ocrx_word' id='word_1_350' title='bbox 1465 1695 1495 1722; x_wconf 67' lang='lat' dir='ltr'>et</span> <span class='ocrx_word' id='word_1_351' title='bbox 1527 1689 1754 1730; x_wconf 75' lang='lat' dir='ltr'>leeodatus)‚</span> 
     </span>
     <span class='ocr_line' id='line_1_31' title="bbox 270 1738 1753 1781; baseline 0 -12"><span class='ocrx_word' id='word_1_352' title='bbox 270 1739 363 1770; x_wconf 84' lang='lat' dir='ltr'>viam</span> <span class='ocrx_word' id='word_1_353' title='bbox 391 1739 543 1770; x_wconf 87' lang='lat' dir='ltr'>Domino</span> <span class='ocrx_word' id='word_1_354' title='bbox 571 1738 760 1779; x_wconf 79' lang='lat' dir='ltr'>dirigente,</span> <span class='ocrx_word' id='word_1_355' title='bbox 797 1744 1032 1781; x_wconf 81' lang='lat' dir='ltr'>pervenerunt</span> <span class='ocrx_word' id='word_1_356' title='bbox 1059 1739 1105 1770; x_wconf 81' lang='lat' dir='ltr'>ad</span> <span class='ocrx_word' id='word_1_357' title='bbox 1132 1739 1361 1771; x_wconf 89' lang='lat' dir='ltr'>Berchterum</span> <span class='ocrx_word' id='word_1_358' title='bbox 1390 1738 1606 1780; x_wconf 84' lang='lat' dir='ltr'>Campaniae</span> <span class='ocrx_word' id='word_1_359' title='bbox 1633 1748 1753 1779; x_wconf 88' lang='lat' dir='ltr'>regem</span> 
     </span>
     <span class='ocr_line' id='line_1_32' title="bbox 271 1785 1753 1828; baseline 0.001 -11"><span class='ocrx_word' id='word_1_360' title='bbox 271 1785 350 1826; x_wconf 79' lang='lat' dir='ltr'>(lzoc</span> <span class='ocrx_word' id='word_1_361' title='bbox 377 1791 427 1818; x_wconf 77' lang='lat' dir='ltr'>est</span> <span class='ocrx_word' id='word_1_362' title='bbox 453 1786 780 1828; x_wconf 65' lang='lat' dir='ltr'>Langobardorum,</span> <span class='ocrx_word' id='word_1_363' title='bbox 819 1791 857 1818; x_wconf 77' lang='lat' dir='ltr'>ut</span> <span class='ocrx_word' id='word_1_364' title='bbox 883 1797 924 1818; x_wconf 65' lang='lat' dir='ltr'>eac</span> <span class='ocrx_word' id='word_1_365' title='bbox 959 1787 1075 1819; x_wconf 78' lang='lat' dir='ltr'>eodem</span> <span class='ocrx_word' id='word_1_366' title='bbox 1109 1785 1274 1828; x_wconf 72' lang='lat' dir='ltr'>scriptore</span> <span class='ocrx_word' id='word_1_367' title='bbox 1310 1790 1399 1818; x_wconf 77' lang='lat' dir='ltr'>certo</span> <span class='ocrx_word' id='word_1_368' title='bbox 1435 1786 1613 1828; x_wconf 73' lang='lat' dir='ltr'>apparet),</span> <span class='ocrx_word' id='word_1_369' title='bbox 1640 1787 1753 1818; x_wconf 85' lang='lat' dir='ltr'>virum</span> 
     </span>
     <span class='ocr_line' id='line_1_33' title="bbox 269 1834 1753 1876; baseline -0.001 -10"><span class='ocrx_word' id='word_1_370' title='bbox 269 1834 437 1866; x_wconf 87' lang='lat' dir='ltr'>humilem</span> <span class='ocrx_word' id='word_1_371' title='bbox 465 1838 499 1866; x_wconf 88' lang='lat' dir='ltr'>et</span> <span class='ocrx_word' id='word_1_372' title='bbox 525 1836 681 1876; x_wconf 85' lang='lat' dir='ltr'>quietum</span> <span class='ocrx_word' id='word_1_373' title='bbox 701 1839 735 1867; x_wconf 85' lang='lat' dir='ltr'>et</span> <span class='ocrx_word' id='word_1_374' title='bbox 760 1839 968 1866; x_wconf 86' lang='lat' dir='ltr'>trementem</span> <span class='ocrx_word' id='word_1_375' title='bbox 995 1845 1175 1866; x_wconf 82' lang='lat' dir='ltr'>sermones</span> <span class='ocrx_word' id='word_1_376' title='bbox 1194 1835 1282 1874; x_wconf 89' lang='lat' dir='ltr'>Dei;</span> <span class='ocrx_word' id='word_1_377' title='bbox 1311 1835 1369 1876; x_wconf 86' lang='lat' dir='ltr'>qui</span> <span class='ocrx_word' id='word_1_378' title='bbox 1396 1835 1600 1876; x_wconf 82' lang='lat' dir='ltr'>peregrinos</span> <span class='ocrx_word' id='word_1_379' title='bbox 1627 1845 1753 1866; x_wconf 86' lang='lat' dir='ltr'>secun-</span> 
     </span>
     <span class='ocr_line' id='line_1_34' title="bbox 271 1882 1752 1925; baseline 0.001 -12"><span class='ocrx_word' id='word_1_380' title='bbox 271 1882 353 1914; x_wconf 90' lang='lat' dir='ltr'>dum</span> <span class='ocrx_word' id='word_1_381' title='bbox 388 1886 617 1924; x_wconf 83' lang='lat' dir='ltr'>praeceptum</span> <span class='ocrx_word' id='word_1_382' title='bbox 653 1883 796 1914; x_wconf 87' lang='lat' dir='ltr'>Domini</span> <span class='ocrx_word' id='word_1_383' title='bbox 835 1883 989 1924; x_wconf 81' lang='lat' dir='ltr'>benigne</span> <span class='ocrx_word' id='word_1_384' title='bbox 1029 1884 1236 1925; x_wconf 83' lang='lat' dir='ltr'>suscipiens,</span> <span class='ocrx_word' id='word_1_385' title='bbox 1277 1887 1398 1914; x_wconf 81' lang='lat' dir='ltr'>saneto</span> <span class='ocrx_word' id='word_1_386' title='bbox 1433 1882 1591 1925; x_wconf 86' lang='lat' dir='ltr'>pontifici</span> <span class='ocrx_word' id='word_1_387' title='bbox 1633 1886 1752 1914; x_wconf 85' lang='lat' dir='ltr'>nostro</span> 
     </span>
     <span class='ocr_line' id='line_1_35' title="bbox 271 1930 1752 1971; baseline 0.001 -10"><span class='ocrx_word' id='word_1_388' title='bbox 271 1931 474 1962; x_wconf 78' lang='lat' dir='ltr'>enunciavit</span> <span class='ocrx_word' id='word_1_389' title='bbox 501 1930 640 1963; x_wconf 84' lang='lat' dir='ltr'>dicens:</span> <span class='ocrx_word' id='word_1_390' title='bbox 681 1931 748 1962; x_wconf 89' lang='lat' dir='ltr'>‘De</span> <span class='ocrx_word' id='word_1_391' title='bbox 776 1932 959 1962; x_wconf 81' lang='lat' dir='ltr'>Britannia</span> <span class='ocrx_word' id='word_1_392' title='bbox 984 1931 1119 1962; x_wconf 87' lang='lat' dir='ltr'>inimici</span> <span class='ocrx_word' id='word_1_393' title='bbox 1145 1932 1196 1962; x_wconf 91' lang='lat' dir='ltr'>tui</span> <span class='ocrx_word' id='word_1_394' title='bbox 1230 1931 1377 1962; x_wconf 86' lang='lat' dir='ltr'>nuncios</span> <span class='ocrx_word' id='word_1_395' title='bbox 1405 1931 1450 1962; x_wconf 86' lang='lat' dir='ltr'>ad</span> <span class='ocrx_word' id='word_1_396' title='bbox 1477 1941 1533 1962; x_wconf 87' lang='lat' dir='ltr'>me</span> <span class='ocrx_word' id='word_1_397' title='bbox 1561 1931 1752 1971; x_wconf 71' lang='lat' dir='ltr'>mittentes,</span> 
     </span>
     <span class='ocr_line' id='line_1_36' title="bbox 269 1978 1752 2022; baseline 0 -12"><span class='ocrx_word' id='word_1_398' title='bbox 269 1979 341 2010; x_wconf 90' lang='lat' dir='ltr'>suis</span> <span class='ocrx_word' id='word_1_399' title='bbox 368 1979 587 2010; x_wconf 84' lang='lat' dir='ltr'>sermonibus</span> <span class='ocrx_word' id='word_1_400' title='bbox 623 1978 818 2011; x_wconf 81' lang='lat' dir='ltr'>salutantes</span> <span class='ocrx_word' id='word_1_401' title='bbox 844 1989 911 2018; x_wconf 81' lang='lat' dir='ltr'>me,</span> <span class='ocrx_word' id='word_1_402' title='bbox 948 1983 983 2010; x_wconf 91' lang='lat' dir='ltr'>et</span> <span class='ocrx_word' id='word_1_403' title='bbox 1010 1979 1101 2011; x_wconf 79' lang='lat' dir='ltr'>dona</span> <span class='ocrx_word' id='word_1_404' title='bbox 1127 1979 1213 2010; x_wconf 88' lang='lat' dir='ltr'>mihi</span> <span class='ocrx_word' id='word_1_405' title='bbox 1248 1980 1400 2010; x_wconf 77' lang='lat' dir='ltr'>maxima</span> <span class='ocrx_word' id='word_1_406' title='bbox 1431 1980 1686 2022; x_wconf 82' lang='lat' dir='ltr'>promittentes,</span> <span class='ocrx_word' id='word_1_407' title='bbox 1723 1980 1752 2011; x_wconf 89' lang='lat' dir='ltr'>si</span> 
     </span>
     <span class='ocr_line' id='line_1_37' title="bbox 268 2027 1751 2070; baseline 0.001 -12"><span class='ocrx_word' id='word_1_408' title='bbox 268 2030 304 2058; x_wconf 87' lang='lat' dir='ltr'>te</span> <span class='ocrx_word' id='word_1_409' title='bbox 331 2027 656 2068; x_wconf 81' lang='lat' dir='ltr'>subterfugientem,</span> <span class='ocrx_word' id='word_1_410' title='bbox 687 2032 725 2059; x_wconf 87' lang='lat' dir='ltr'>ut</span> <span class='ocrx_word' id='word_1_411' title='bbox 752 2027 924 2066; x_wconf 81' lang='lat' dir='ltr'>dixerunt,</span> <span class='ocrx_word' id='word_1_412' title='bbox 962 2028 1165 2070; x_wconf 86' lang='lat' dir='ltr'>episcopum</span> <span class='ocrx_word' id='word_1_413' title='bbox 1202 2028 1444 2069; x_wconf 84' lang='lat' dir='ltr'>angarizarem</span> <span class='ocrx_word' id='word_1_414' title='bbox 1480 2032 1514 2059; x_wconf 88' lang='lat' dir='ltr'>et</span> <span class='ocrx_word' id='word_1_415' title='bbox 1540 2028 1585 2060; x_wconf 85' lang='lat' dir='ltr'>ad</span> <span class='ocrx_word' id='word_1_416' title='bbox 1612 2031 1751 2070; x_wconf 82' lang='lat' dir='ltr'>aposto-</span> 
     </span>
     <span class='ocr_line' id='line_1_38' title="bbox 268 2074 1751 2118; baseline 0.001 -12"><span class='ocrx_word' id='word_1_417' title='bbox 268 2074 374 2106; x_wconf 86' lang='lat' dir='ltr'>licam</span> <span class='ocrx_word' id='word_1_418' title='bbox 402 2075 523 2107; x_wconf 88' lang='lat' dir='ltr'>sedem</span> <span class='ocrx_word' id='word_1_419' title='bbox 558 2075 760 2107; x_wconf 86' lang='lat' dir='ltr'>tendentem</span> <span class='ocrx_word' id='word_1_420' title='bbox 794 2077 1001 2116; x_wconf 83' lang='lat' dir='ltr'>retinerem3</span> <span class='ocrx_word' id='word_1_421' title='bbox 1046 2076 1170 2118; x_wconf 91' lang='lat' dir='ltr'>quibus</span> <span class='ocrx_word' id='word_1_422' title='bbox 1197 2080 1268 2107; x_wconf 83' lang='lat' dir='ltr'>tam</span> <span class='ocrx_word' id='word_1_423' title='bbox 1304 2076 1474 2107; x_wconf 86' lang='lat' dir='ltr'>nefariam</span> <span class='ocrx_word' id='word_1_424' title='bbox 1500 2086 1575 2108; x_wconf 88' lang='lat' dir='ltr'>rem</span> <span class='ocrx_word' id='word_1_425' title='bbox 1601 2086 1751 2108; x_wconf 88' lang='lat' dir='ltr'>renuens</span> 
     </span>
     <span class='ocr_line' id='line_1_39' title="bbox 270 2123 1751 2167; baseline 0.001 -13"><span class='ocrx_word' id='word_1_426' title='bbox 270 2123 362 2154; x_wconf 85' lang='lat' dir='ltr'>dixi:</span> <span class='ocrx_word' id='word_1_427' title='bbox 395 2124 487 2155; x_wconf 81' lang='lat' dir='ltr'>“Fui</span> <span class='ocrx_word' id='word_1_428' title='bbox 513 2123 704 2165; x_wconf 81' lang='lat' dir='ltr'>aliquando</span> <span class='ocrx_word' id='word_1_429' title='bbox 730 2125 766 2155; x_wconf 89' lang='lat' dir='ltr'>in</span> <span class='ocrx_word' id='word_1_430' title='bbox 800 2124 856 2156; x_wconf 85' lang='lat' dir='ltr'>die</span> <span class='ocrx_word' id='word_1_431' title='bbox 893 2125 1083 2156; x_wconf 84' lang='lat' dir='ltr'>iuventutis</span> <span class='ocrx_word' id='word_1_432' title='bbox 1117 2134 1217 2156; x_wconf 84' lang='lat' dir='ltr'>meae</span> <span class='ocrx_word' id='word_1_433' title='bbox 1253 2124 1331 2156; x_wconf 77' lang='lat' dir='ltr'>exul</span> <span class='ocrx_word' id='word_1_434' title='bbox 1368 2124 1411 2155; x_wconf 89' lang='lat' dir='ltr'>de</span> <span class='ocrx_word' id='word_1_435' title='bbox 1445 2125 1560 2167; x_wconf 83' lang='lat' dir='ltr'>patria</span> <span class='ocrx_word' id='word_1_436' title='bbox 1587 2124 1751 2166; x_wconf 81' lang='lat' dir='ltr'>expulsus</span> 
     </span>
     <span class='ocr_line' id='line_1_40' title="bbox 269 2171 1752 2215; baseline 0.002 -13"><span class='ocrx_word' id='word_1_437' title='bbox 269 2171 333 2203; x_wconf 90' lang='lat' dir='ltr'>sub</span> <span class='ocrx_word' id='word_1_438' title='bbox 360 2182 499 2213; x_wconf 84' lang='lat' dir='ltr'>pagano</span> <span class='ocrx_word' id='word_1_439' title='bbox 527 2172 680 2213; x_wconf 85' lang='lat' dir='ltr'>quodam</span> <span class='ocrx_word' id='word_1_440' title='bbox 712 2182 796 2213; x_wconf 83' lang='lat' dir='ltr'>rege</span> <span class='ocrx_word' id='word_1_441' title='bbox 823 2173 1030 2204; x_wconf 84' lang='lat' dir='ltr'>Hunnorum</span> <span class='ocrx_word' id='word_1_442' title='bbox 1063 2172 1208 2214; x_wconf 78' lang='lat' dir='ltr'>degens,</span> <span class='ocrx_word' id='word_1_443' title='bbox 1245 2173 1304 2215; x_wconf 89' lang='lat' dir='ltr'>qui</span> <span class='ocrx_word' id='word_1_444' title='bbox 1338 2173 1418 2204; x_wconf 89' lang='lat' dir='ltr'>iniit</span> <span class='ocrx_word' id='word_1_445' title='bbox 1451 2183 1589 2204; x_wconf 84' lang='lat' dir='ltr'>mecum</span> <span class='ocrx_word' id='word_1_446' title='bbox 1627 2172 1752 2205; x_wconf 86' lang='lat' dir='ltr'>foedus</span> 
     </span>
     <span class='ocr_line' id='line_1_41' title="bbox 268 2220 1748 2263; baseline 0.001 -12"><span class='ocrx_word' id='word_1_447' title='bbox 268 2221 305 2250; x_wconf 88' lang='lat' dir='ltr'>in</span> <span class='ocrx_word' id='word_1_448' title='bbox 341 2220 407 2251; x_wconf 87' lang='lat' dir='ltr'>deo</span> <span class='ocrx_word' id='word_1_449' title='bbox 443 2230 505 2252; x_wconf 90' lang='lat' dir='ltr'>suo</span> <span class='ocrx_word' id='word_1_450' title='bbox 540 2220 647 2260; x_wconf 86' lang='lat' dir='ltr'>idolo,</span> <span class='ocrx_word' id='word_1_451' title='bbox 682 2225 719 2252; x_wconf 86' lang='lat' dir='ltr'>ut</span> <span class='ocrx_word' id='word_1_452' title='bbox 752 2231 929 2262; x_wconf 81' lang='lat' dir='ltr'>nunquam</span> <span class='ocrx_word' id='word_1_453' title='bbox 966 2231 1020 2252; x_wconf 87' lang='lat' dir='ltr'>me</span> <span class='ocrx_word' id='word_1_454' title='bbox 1054 2221 1208 2252; x_wconf 86' lang='lat' dir='ltr'>inimicis</span> <span class='ocrx_word' id='word_1_455' title='bbox 1243 2220 1457 2263; x_wconf 81' lang='lat' dir='ltr'>prodidisset</span> <span class='ocrx_word' id='word_1_456' title='bbox 1491 2221 1548 2252; x_wconf 79' lang='lat' dir='ltr'>vel</span> <span class='ocrx_word' id='word_1_457' title='bbox 1581 2220 1748 2254; x_wconf 88' lang='lat' dir='ltr'>dedisset.</span> 
     </span>
     <span class='ocr_line' id='line_1_42' title="bbox 267 2267 1750 2311; baseline 0.001 -12"><span class='ocrx_word' id='word_1_458' title='bbox 267 2267 314 2299; x_wconf 80' lang='lat' dir='ltr'>Et</span> <span class='ocrx_word' id='word_1_459' title='bbox 339 2271 419 2310; x_wconf 84' lang='lat' dir='ltr'>post</span> <span class='ocrx_word' id='word_1_460' title='bbox 453 2269 605 2310; x_wconf 82' lang='lat' dir='ltr'>spatium</span> <span class='ocrx_word' id='word_1_461' title='bbox 638 2270 805 2311; x_wconf 87' lang='lat' dir='ltr'>temporis</span> <span class='ocrx_word' id='word_1_462' title='bbox 839 2273 1011 2301; x_wconf 77' lang='lat' dir='ltr'>venerunt</span> <span class='ocrx_word' id='word_1_463' title='bbox 1043 2269 1089 2300; x_wconf 82' lang='lat' dir='ltr'>ad</span> <span class='ocrx_word' id='word_1_464' title='bbox 1123 2280 1244 2311; x_wconf 84' lang='lat' dir='ltr'>regem</span> <span class='ocrx_word' id='word_1_465' title='bbox 1281 2279 1458 2311; x_wconf 82' lang='lat' dir='ltr'>paganum</span> <span class='ocrx_word' id='word_1_466' title='bbox 1499 2280 1659 2301; x_wconf 87' lang='lat' dir='ltr'>sermone</span> <span class='ocrx_word' id='word_1_467' title='bbox 1685 2270 1750 2300; x_wconf 84' lang='lat' dir='ltr'>ini-</span> 
     </span>
     <span class='ocr_line' id='line_1_43' title="bbox 268 2316 1749 2359; baseline 0.001 -12"><span class='ocrx_word' id='word_1_468' title='bbox 268 2316 438 2348; x_wconf 89' lang='lat' dir='ltr'>micorum</span> <span class='ocrx_word' id='word_1_469' title='bbox 473 2326 629 2349; x_wconf 89' lang='lat' dir='ltr'>meorum</span> <span class='ocrx_word' id='word_1_470' title='bbox 664 2318 793 2357; x_wconf 88' lang='lat' dir='ltr'>nuncii,</span> <span class='ocrx_word' id='word_1_471' title='bbox 828 2318 1071 2359; x_wconf 85' lang='lat' dir='ltr'>promittentes</span> <span class='ocrx_word' id='word_1_472' title='bbox 1099 2318 1166 2349; x_wconf 89' lang='lat' dir='ltr'>sibi</span> <span class='ocrx_word' id='word_1_473' title='bbox 1195 2317 1277 2348; x_wconf 85' lang='lat' dir='ltr'>dare</span> <span class='ocrx_word' id='word_1_474' title='bbox 1314 2317 1377 2349; x_wconf 92' lang='lat' dir='ltr'>sub</span> <span class='ocrx_word' id='word_1_475' title='bbox 1414 2317 1639 2350; x_wconf 84' lang='lat' dir='ltr'>iureiurando</span> <span class='ocrx_word' id='word_1_476' title='bbox 1667 2317 1749 2349; x_wconf 88' lang='lat' dir='ltr'>soli-</span> 
     </span>
     <span class='ocr_line' id='line_1_44' title="bbox 269 2363 1749 2407; baseline 0 -11"><span class='ocrx_word' id='word_1_477' title='bbox 269 2363 393 2396; x_wconf 84' lang='lat' dir='ltr'>dorum</span> <span class='ocrx_word' id='word_1_478' title='bbox 419 2375 602 2397; x_wconf 84' lang='lat' dir='ltr'>aureorum</span> <span class='ocrx_word' id='word_1_479' title='bbox 628 2365 786 2397; x_wconf 82' lang='lat' dir='ltr'>modium</span> <span class='ocrx_word' id='word_1_480' title='bbox 809 2365 963 2407; x_wconf 85' lang='lat' dir='ltr'>plenum,</span> <span class='ocrx_word' id='word_1_481' title='bbox 991 2366 1020 2397; x_wconf 89' lang='lat' dir='ltr'>si</span> <span class='ocrx_word' id='word_1_482' title='bbox 1035 2376 1090 2397; x_wconf 86' lang='lat' dir='ltr'>me</span> <span class='ocrx_word' id='word_1_483' title='bbox 1115 2365 1186 2397; x_wconf 87' lang='lat' dir='ltr'>illis</span> <span class='ocrx_word' id='word_1_484' title='bbox 1206 2365 1253 2397; x_wconf 84' lang='lat' dir='ltr'>ad</span> <span class='ocrx_word' id='word_1_485' title='bbox 1279 2366 1555 2397; x_wconf 86' lang='lat' dir='ltr'>internecionem</span> <span class='ocrx_word' id='word_1_486' title='bbox 1583 2365 1749 2398; x_wconf 86' lang='lat' dir='ltr'>dedisset.</span> 
     </span>
     <span class='ocr_line' id='line_1_45' title="bbox 269 2411 1748 2454; baseline 0.001 -10"><span class='ocrx_word' id='word_1_487' title='bbox 269 2411 402 2452; x_wconf 84' lang='lat' dir='ltr'>Quibus</span> <span class='ocrx_word' id='word_1_488' title='bbox 430 2423 499 2445; x_wconf 92' lang='lat' dir='ltr'>non</span> <span class='ocrx_word' id='word_1_489' title='bbox 527 2415 749 2446; x_wconf 86' lang='lat' dir='ltr'>consentiens</span> <span class='ocrx_word' id='word_1_490' title='bbox 785 2414 891 2445; x_wconf 80' lang='lat' dir='ltr'>dixit:</span> <span class='ocrx_word' id='word_1_491' title='bbox 927 2414 1022 2446; x_wconf 80' lang='lat' dir='ltr'>‘Sine</span> <span class='ocrx_word' id='word_1_492' title='bbox 1051 2413 1156 2446; x_wconf 87' lang='lat' dir='ltr'>dubio</span> <span class='ocrx_word' id='word_1_493' title='bbox 1185 2415 1234 2446; x_wconf 83' lang='lat' dir='ltr'>dii</span> <span class='ocrx_word' id='word_1_494' title='bbox 1259 2415 1368 2445; x_wconf 81' lang='lat' dir='ltr'>vitam</span> <span class='ocrx_word' id='word_1_495' title='bbox 1403 2414 1600 2454; x_wconf 85' lang='lat' dir='ltr'>succidant,</span> <span class='ocrx_word' id='word_1_496' title='bbox 1627 2415 1657 2446; x_wconf 89' lang='lat' dir='ltr'>si</span> <span class='ocrx_word' id='word_1_497' title='bbox 1683 2414 1748 2446; x_wconf 84' lang='lat' dir='ltr'>hoc</span> 
     </span>
     <span class='ocr_line' id='line_1_46' title="bbox 268 2461 1747 2504; baseline 0.001 -12"><span class='ocrx_word' id='word_1_498' title='bbox 268 2461 449 2502; x_wconf 82' lang='lat' dir='ltr'>piaculum</span> <span class='ocrx_word' id='word_1_499' title='bbox 488 2462 580 2494; x_wconf 81' lang='lat' dir='ltr'>facio</span> <span class='ocrx_word' id='word_1_500' title='bbox 619 2463 758 2494; x_wconf 87' lang='lat' dir='ltr'>irritans</span> <span class='ocrx_word' id='word_1_501' title='bbox 796 2467 938 2504; x_wconf 84' lang='lat' dir='ltr'>pactum</span> <span class='ocrx_word' id='word_1_502' title='bbox 979 2462 1122 2494; x_wconf 87' lang='lat' dir='ltr'>deorum</span> <span class='ocrx_word' id='word_1_503' title='bbox 1162 2461 1339 2494; x_wconf 85' lang='lat' dir='ltr'>meorum&#39;.</span> <span class='ocrx_word' id='word_1_504' title='bbox 1404 2463 1481 2503; x_wconf 87' lang='lat' dir='ltr'>Ego</span> <span class='ocrx_word' id='word_1_505' title='bbox 1507 2473 1590 2494; x_wconf 86' lang='lat' dir='ltr'>vero</span> <span class='ocrx_word' id='word_1_506' title='bbox 1618 2466 1747 2504; x_wconf 85' lang='lat' dir='ltr'>quanto</span> 
     </span>
     <span class='ocr_line' id='line_1_47' title="bbox 270 2510 1746 2552; baseline 0.001 -12"><span class='ocrx_word' id='word_1_507' title='bbox 270 2510 394 2550; x_wconf 77' lang='lat' dir='ltr'>magis,</span> <span class='ocrx_word' id='word_1_508' title='bbox 426 2511 486 2551; x_wconf 90' lang='lat' dir='ltr'>qui</span> <span class='ocrx_word' id='word_1_509' title='bbox 512 2511 627 2542; x_wconf 91' lang='lat' dir='ltr'>Deum</span> <span class='ocrx_word' id='word_1_510' title='bbox 653 2521 774 2542; x_wconf 78' lang='lat' dir='ltr'>verum</span> <span class='ocrx_word' id='word_1_511' title='bbox 803 2511 889 2550; x_wconf 83' lang='lat' dir='ltr'>scio,</span> <span class='ocrx_word' id='word_1_512' title='bbox 924 2511 1078 2542; x_wconf 86' lang='lat' dir='ltr'>animam</span> <span class='ocrx_word' id='word_1_513' title='bbox 1112 2521 1226 2542; x_wconf 82' lang='lat' dir='ltr'>meam</span> <span class='ocrx_word' id='word_1_514' title='bbox 1258 2521 1319 2552; x_wconf 93' lang='lat' dir='ltr'>pro</span> <span class='ocrx_word' id='word_1_515' title='bbox 1353 2511 1459 2542; x_wconf 88' lang='lat' dir='ltr'>totius</span> <span class='ocrx_word' id='word_1_516' title='bbox 1495 2510 1615 2542; x_wconf 87' lang='lat' dir='ltr'>mundi</span> <span class='ocrx_word' id='word_1_517' title='bbox 1649 2511 1746 2542; x_wconf 91' lang='lat' dir='ltr'>lucro</span> 
     </span>
     <span class='ocr_line' id='line_1_48' title="bbox 269 2557 1746 2600; baseline 0.001 -12"><span class='ocrx_word' id='word_1_518' title='bbox 269 2557 305 2588; x_wconf 86' lang='lat' dir='ltr'>in</span> <span class='ocrx_word' id='word_1_519' title='bbox 342 2558 577 2599; x_wconf 88' lang='lat' dir='ltr'>perditionem</span> <span class='ocrx_word' id='word_1_520' title='bbox 617 2570 686 2591; x_wconf 92' lang='lat' dir='ltr'>non</span> <span class='ocrx_word' id='word_1_521' title='bbox 725 2559 864 2590; x_wconf 79' lang='lat' dir='ltr'>dab0?”</span> <span class='ocrx_word' id='word_1_522' title='bbox 902 2559 1002 2590; x_wconf 88' lang='lat' dir='ltr'>Tunc</span> <span class='ocrx_word' id='word_1_523' title='bbox 1040 2569 1124 2591; x_wconf 83' lang='lat' dir='ltr'>vero</span> <span class='ocrx_word' id='word_1_524' title='bbox 1159 2563 1318 2590; x_wconf 80' lang='lat' dir='ltr'>sanctum</span> <span class='ocrx_word' id='word_1_525' title='bbox 1352 2558 1557 2600; x_wconf 88' lang='lat' dir='ltr'>pontificem</span> <span class='ocrx_word' id='word_1_526' title='bbox 1592 2563 1746 2590; x_wconf 88' lang='lat' dir='ltr'>nostrum</span> 
     </span>
     <span class='ocr_line' id='line_1_49' title="bbox 271 2607 1747 2648; baseline 0.001 -12"><span class='ocrx_word' id='word_1_527' title='bbox 271 2609 305 2636; x_wconf 81' lang='lat' dir='ltr'>et</span> <span class='ocrx_word' id='word_1_528' title='bbox 331 2616 411 2637; x_wconf 89' lang='lat' dir='ltr'>suos</span> <span class='ocrx_word' id='word_1_529' title='bbox 446 2607 560 2638; x_wconf 88' lang='lat' dir='ltr'>socios</span> <span class='ocrx_word' id='word_1_530' title='bbox 589 2618 666 2638; x_wconf 88' lang='lat' dir='ltr'>eum</span> <span class='ocrx_word' id='word_1_531' title='bbox 702 2607 832 2638; x_wconf 87' lang='lat' dir='ltr'>honore</span> <span class='ocrx_word' id='word_1_532' title='bbox 859 2611 893 2638; x_wconf 86' lang='lat' dir='ltr'>et</span> <span class='ocrx_word' id='word_1_533' title='bbox 929 2607 1088 2647; x_wconf 84' lang='lat' dir='ltr'>ducibus,</span> <span class='ocrx_word' id='word_1_534' title='bbox 1127 2608 1218 2638; x_wconf 87' lang='lat' dir='ltr'>sicut</span> <span class='ocrx_word' id='word_1_535' title='bbox 1244 2617 1322 2638; x_wconf 91' lang='lat' dir='ltr'>eum</span> <span class='ocrx_word' id='word_1_536' title='bbox 1349 2607 1521 2638; x_wconf 90' lang='lat' dir='ltr'>Dominus</span> <span class='ocrx_word' id='word_1_537' title='bbox 1555 2607 1685 2648; x_wconf 89' lang='lat' dir='ltr'>ubique</span> <span class='ocrx_word' id='word_1_538' title='bbox 1711 2607 1747 2637; x_wconf 91' lang='lat' dir='ltr'>in</span> 
     </span>
     <span class='ocr_line' id='line_1_50' title="bbox 269 2653 1745 2697; baseline 0.002 -14"><span class='ocrx_word' id='word_1_539' title='bbox 269 2655 551 2694; x_wconf 80' lang='lat' dir='ltr'>peregrinatione</span> <span class='ocrx_word' id='word_1_540' title='bbox 577 2659 766 2697; x_wconf 84' lang='lat' dir='ltr'>protegens</span> <span class='ocrx_word' id='word_1_541' title='bbox 793 2654 1044 2696; x_wconf 81' lang='lat' dir='ltr'>magnificavit,</span> <span class='ocrx_word' id='word_1_542' title='bbox 1080 2654 1125 2686; x_wconf 82' lang='lat' dir='ltr'>ad</span> <span class='ocrx_word' id='word_1_543' title='bbox 1161 2655 1395 2697; x_wconf 81' lang='lat' dir='ltr'>apostolicam</span> <span class='ocrx_word' id='word_1_544' title='bbox 1427 2655 1548 2687; x_wconf 87' lang='lat' dir='ltr'>sedem</span> <span class='ocrx_word' id='word_1_545' title='bbox 1574 2653 1655 2686; x_wconf 87' lang='lat' dir='ltr'>olim</span> <span class='ocrx_word' id='word_1_546' title='bbox 1684 2665 1745 2697; x_wconf 84' lang='lat' dir='ltr'>op-</span> 
     </span>
     <span class='ocr_line' id='line_1_51' title="bbox 266 2702 1111 2743; baseline 0.005 -12"><span class='ocrx_word' id='word_1_547' title='bbox 266 2702 379 2732; x_wconf 78' lang='lat' dir='ltr'>tatam</span> <span class='ocrx_word' id='word_1_548' title='bbox 404 2703 441 2732; x_wconf 88' lang='lat' dir='ltr'>in</span> <span class='ocrx_word' id='word_1_549' title='bbox 466 2704 659 2743; x_wconf 82' lang='lat' dir='ltr'>gratiarum</span> <span class='ocrx_word' id='word_1_550' title='bbox 686 2705 825 2735; x_wconf 83' lang='lat' dir='ltr'>actione</span> <span class='ocrx_word' id='word_1_551' title='bbox 850 2704 997 2735; x_wconf 80' lang='lat' dir='ltr'>remisit.</span> <span class='ocrx_word' id='word_1_552' title='bbox 1047 2704 1111 2738; x_wconf 92' lang='lat' dir='ltr'>BI.</span> 
     </span>
    </p>
   </div>
  </div>
 </body>
</html>
