1789 3087
267 106 288 136 4
572 103 717 136 PAULI
744 102 974 135 HISTORIA
999 100 1443 134 LANGOBARDORUM.

268 215 369 255 dam
410 221 446 254 et
490 213 875 254 continuandam1.
952 211 1072 258 Quae
1117 226 1211 251 cum
1250 211 1337 253 alio
1376 213 1749 254 Monumentorum

267 271 481 311 volumine
521 268 688 310 edenda
727 270 802 318 sit,
844 267 894 307 de
935 268 1027 321 ejus
1068 266 1246 308 consilio
1286 273 1323 307 et
1359 268 1503 309 indole
1535 269 1601 309 bic
1631 268 1752 322 loqui

269 325 606 380 supersedemus.

380 379 433 421 Si
461 379 729 433 epitaphium
750 376 898 417 Ansae
928 378 1121 432 reginae,
1151 377 1304 417 matris
1326 376 1610 433 Adelperyae,
1642 393 1751 433 quae

269 451 364 476 cum
402 436 496 475 viro
528 433 759 474 Desiderio
800 431 899 473 eoeul
938 433 986 473 in
1020 433 1255 473 Franciam
1300 432 1486 473 abducta
1526 440 1639 486 erat,
1679 434 1752 475 sed

268 490 536 544 sepulturam
566 490 614 529 in
640 488 794 542 patria
825 494 942 529 terra
973 494 1119 540 nacta,
1150 494 1258 528 recte
1288 487 1426 528 Paulo
1456 489 1674 541 tribuitur,
1705 491 1753 530 ‘in

269 546 336 586 his
366 545 498 585 cmnis
529 543 781 585 collocanda
812 545 892 584 erit
905 550 931 584 ².
991 544 1097 584 Alia
1127 557 1290 598 quoque
1327 549 1428 583 tunc
1464 558 1558 598 eum
1587 558 1753 598 compo-

269 601 406 641 suisse
445 601 664 651 carmina,
705 598 857 655 qualia
881 600 1138 654 posterioris
1169 600 1265 640 aevi
1299 599 1528 652 scriptores
1558 600 1598 639 ei
1635 600 1754 640 attri-

269 656 425 708 buunt,
469 654 700 696 verisimile
743 660 821 706 est,
866 669 941 696 nec
979 661 1118 696 tamen
1161 655 1264 696 certi
1303 655 1541 709 quidquam
1570 660 1755 695 statuere

268 712 402 754 licetss.

380 767 529 821 Neque
559 772 816 820 compertum
838 765 1052 818 habemus,
1083 772 1226 806 utrum
1248 771 1348 805 tunc
1377 767 1578 819 temporis
1609 780 1755 806 sacros

262 824 360 877 jam
380 823 588 876 receperit
609 822 796 873 ordines,
828 821 984 876 quibus
1007 827 1161 875 postea
1193 836 1287 861 eum
1316 821 1527 862 traditum
1551 821 1752 862 uidemus.

275 877 390 919 Certe
426 877 570 929 libros,
603 877 756 932 quibus
796 878 854 918 ad
884 877 1109 918 historiam
1140 877 1385 918 Romanam
1417 876 1754 930 componendam

272 948 380 987 opus
410 939 515 985 erat,
539 932 732 987 facilius
762 934 809 974 in
840 933 1102 974 monasterio
1140 947 1269 986 quam
1298 933 1345 973 in
1381 931 1550 986 palatio
1587 947 1755 986 compa-

273 1003 373 1029 rare
400 994 611 1042 poterat4.

387 1044 709 1085 Celeberrimum
738 1058 834 1085 vero
869 1043 977 1084 illud
1007 1043 1053 1085 S.
1083 1043 1311 1084 Benedicti
1347 1044 1653 1084 monasterium
1689 1043 1754 1083 in-

272 1113 446 1154 {sressus
478 1106 555 1151 est,
592 1099 666 1141 ubi
696 1100 823 1140 etiam
853 1099 1034 1140 Ratclzis
1063 1112 1140 1139 reso
1170 1098 1277 1140 solio
1306 1098 1448 1153 re9aZi
1479 1099 1663 1153 dejectus
1693 1112 1756 1138 re-

259 1155 445 1210 fuyium
473 1156 648 1195 invenit.
697 1155 788 1195 IVec
810 1155 944 1207 video,
976 1155 1081 1209 quid
1104 1160 1217 1206 vetet,
1248 1170 1300 1195 ne
1321 1153 1506 1195 Paulum
1527 1156 1622 1209 jam
1655 1160 1756 1195 tunc

272 1225 414 1265 regem
443 1216 632 1250 secutum
661 1224 746 1251 esse
776 1216 1056 1251 statuamus5.
1115 1209 1272 1262 (Emit,
1310 1211 1462 1263 inops,
1498 1211 1671 1261 tenuis’,
1711 1215 1758 1249 ut

151 1279 260 1311 ⁸1³.15.
275 1266 419 1319 ipsius
460 1266 599 1305 verbis
628 1271 748 1318 utar,
790 1280 963 1306 carmen
1003 1266 1067 1305 'in
1107 1263 1277 1306 laudem
1311 1265 1356 1306 S.
1387 1265 1614 1307 Benedicti
1648 1279 1755 1306 com-

277 1359 312 1403 1)
339 1360 502 1402 Epistola
527 1358 745 1403 Adelpersjae
770 1360 878 1392 missa
900 1360 1054 1402 primum
1082 1371 1103 1391 a
1132 1359 1372 1401 Cliampollion
1400 1360 1435 1391 in
1462 1360 1580 1391 Amati
1606 1358 1755 1393 editione

266 1421 305 1450 p.
329 1408 465 1448 XXIV,
488 1414 569 1449 post
597 1420 617 1439 a
644 1407 877 1449 Papencordt,
907 1409 1027 1440 Gesclz.
1055 1409 1091 1440 d.
1124 1408 1237 1440 Vand.
1263 1407 1478 1450 Herrscliaft
1496 1420 1538 1449 p.
1559 1408 1628 1440 398
1656 1407 1755 1450 (inde

273 1457 381 1489 Dalm
410 1469 450 1499 p.
481 1455 564 1498 77);
594 1457 804 1495 Endlicher,
842 1456 955 1490 C‘atal.
991 1457 1064 1490 cod.
1096 1457 1186 1498 phil.
1221 1456 1324 1489 Vind.
1350 1456 1381 1496 I,
1409 1468 1450 1498 p.
1470 1457 1562 1494 306;
1594 1467 1707 1498 nuper
1734 1468 1757 1488 a

270 1505 414 1545 Hartel,
451 1504 523 1536 SB.
550 1505 585 1536 d.
616 1504 662 1536 W.
690 1505 818 1544 Alcad„
845 1505 984 1545 LXXI,
1013 1517 1054 1547 p.
1075 1506 1162 1545 294,
1195 1505 1292 1546 prelo
1329 1505 1480 1546 subjecta
1505 1511 1567 1537 est.
1596 1523 1632 1528 —
1664 1504 1755 1537 Ante

272 1566 305 1585 a.
336 1555 414 1586 774.
451 1553 616 1595 scriptam
645 1559 753 1594 putat
788 1553 897 1586 Dalm
924 1566 964 1595 p.
995 1555 1038 1584 14
1063 1565 1112 1595 sq.
1221 1552 1260 1596 2)
1282 1551 1407 1585 Annus
1433 1553 1552 1585 mortis
1577 1564 1647 1585 non
1675 1564 1753 1585 con·

272 1606 351 1634 stat.
402 1601 512 1633 Dalm
531 1613 572 1643 p.
601 1602 657 1633 68.
675 1602 754 1644 jam
778 1600 878 1634 Ausa
904 1602 988 1634 viva
1014 1601 1237 1644 compositum
1256 1607 1374 1644 putat,
1406 1601 1449 1634 de
1474 1601 1587 1634 Paulo
1614 1607 1754 1634 auctore

271 1649 421 1682 dubitat.
522 1650 560 1692 3)
588 1650 787 1682 Bethmann
818 1662 855 1692 p.
885 1651 966 1682 237.
996 1650 1076 1683 290.
1104 1651 1186 1682 292.
1216 1650 1297 1682 293.
1349 1649 1414 1682 Ille
1442 1656 1567 1691 postea
1594 1650 1630 1681 in
1655 1650 1754 1683 semi-

271 1697 373 1730 nario
410 1698 589 1731 Verulensi
621 1698 770 1731 codicem
809 1698 920 1731 s.XI.
947 1699 1088 1738 invenit,
1124 1698 1185 1740 qui
1222 1698 1309 1731 inter
1342 1699 1416 1730 alia
1451 1698 1577 1731 Versus
1603 1697 1753 1740 infesto

272 1745 310 1779 S.
338 1746 509 1779 flIercurz'i
535 1746 714 1785 continuit,
751 1759 809 1789 ap.
839 1747 1015 1779 Giovanni
1043 1747 1078 1778 in
1105 1747 1190 1779 libro
1217 1747 1260 1779 de
1286 1747 1399 1779 sancti
1424 1746 1519 1779 Actis
1546 1752 1576 1779 et
1601 1748 1755 1779 transla-

272 1794 364 1827 tione
392 1807 424 1827 α.
447 1795 552 1828 1730.
579 1795 669 1827 edito
692 1806 731 1837 p.
752 1796 809 1828 46.
836 1795 1033 1838 impressos,
1062 1807 1147 1837 quos
1165 1796 1323 1838 fortasse
1350 1794 1458 1826 Pauli
1492 1806 1563 1827 esse
1589 1794 1752 1837 opinatus

273 1849 338 1880 est,·
364 1843 455 1876 idem
482 1843 524 1875 de
552 1843 631 1876 aliis
658 1843 703 1875 ib.
727 1855 764 1885 p.
786 1845 867 1876 248.
895 1843 995 1876 editis
1022 1844 1176 1876 versibus
1194 1844 1384 1888 judicavit.
1405 1862 1451 1866 —-
1469 1843 1515 1875 In
1541 1843 1615 1876 cod.
1644 1842 1753 1887 Sany.

301 1891 340 1923 Υν.
363 1892 444 1930 573,
466 1903 507 1933 p.
528 1892 610 1930 476,
646 1891 686 1925 V,
717 1891 766 1924 CI.
792 1892 992 1925 Dc'lmmlero
1020 1898 1186 1932 monente,
1214 1903 1351 1925 carmen
1381 1893 1506 1935 legitur
1532 1892 1753 1934 inscou'ptum:

272 1941 365 1972 Ante
399 1941 492 1972 fores
528 1940 718 1980 basilicae,
755 1941 873 1973 eodem
910 1942 1009 1974 modo
1044 1940 1251 1983 dispositum
1284 1952 1351 1983 quo
1389 1952 1506 1974 versus
1540 1940 1575 1973 in
1613 1941 1752 1974 laudem

274 1987 312 2020 S.
339 1987 533 2027 Benedicti,
562 1989 656 2030 quod
682 1988 733 2020 ita
749 1989 852 2031 finit:

467 2038 618 2069 Pectora
642 2042 760 2070 vestra
785 2042 905 2070 sonet:
933 2049 1041 2080 parce
1069 2042 1103 2070 et
1128 2039 1306 2076 miserere,
1332 2048 1534 2080 precamur3

516 2086 640 2125 Parce,
668 2086 818 2126 Christe,
840 2087 990 2127 Arichis,
1016 2090 1162 2129 pectora
1188 2090 1305 2118 vestra
1332 2090 1445 2118 sonet.

272 2134 351 2166 Hoc
377 2144 511 2176 quoque
538 2133 650 2166 Paulo
680 2134 834 2166 adscribi
860 2140 987 2176 posset.
1104 2133 1142 2176 4)
1169 2134 1288 2166 Etiam
1313 2134 1525 2175 Eutropium
1551 2132 1751 2176 Adelperqa

276 2194 298 2213 a
323 2182 435 2214 Paulo
471 2187 595 2213 nactus
629 2187 689 2214 est.
791 2183 826 2221 5)
861 2182 917 2215 De
952 2188 1102 2224 tempore
1137 2193 1203 2224 quo
1236 2182 1373 2214 Paulus
1409 2181 1575 2214 Casinum
1608 2182 1750 2221 venerit,

273 2229 365 2262 nihil
390 2235 558 2268 constare,
586 2229 785 2262 Bethmann
811 2231 905 2263 clare
931 2231 1090 2272 exposuit
1109 2242 1149 2272 p.
1169 2230 1257 2268 238;
1292 2241 1334 2262 ea
1358 2230 1520 2272 refutans
1550 2240 1640 2272 quae
1665 2230 1752 2272 Epi-

274 2277 433 2320 taphium
467 2283 498 2310 et
522 2279 726 2320 Anonymus
756 2277 1004 2312 Salernitanus
1037 2279 1192 2311 tradunt.
1244 2279 1397 2310 Paulum
1431 2289 1508 2310 cum
1541 2279 1750 2321 Adelperya,

274 2327 453 2359 Desiderii
470 2326 661 2369 7·e9isfilia,
681 2326 918 2359 Beneventum
936 2327 1080 2367 venisse,
1108 2327 1189 2359 inde
1209 2327 1375 2359 Casinum
1396 2326 1534 2367 adiisse,
1561 2327 1646 2359 satis
1664 2338 1751 2369 pro-

275 2374 398 2407 babilis
433 2374 683 2407 IVattenbaclcii
714 2381 799 2407 esset
831 2377 1043 2419 conjectura,
1081 2377 1110 2408 si
1144 2374 1189 2407 iis
1212 2376 1323 2418 fidem
1357 2375 1560 2408 haberemus
1593 2386 1683 2417 quae
1709 2375 1752 2407 de

274 2423 382 2455 Pauli
407 2422 518 2465 officio
544 2423 582 2454 in
609 2423 693 2454 aula
719 2423 898 2456 Desiderii
922 2425 1029 2466 refert
1057 2423 1249 2457 C'lzronicon
1268 2424 1542 2457 Salernitanum.
1596 2423 1696 2462 Quae
1722 2423 1753 2455 si

275 2472 483 2514 rejiciamus,
510 2482 620 2513 neque
645 2471 878 2513 Epitaphium
903 2484 1100 2515 sequamur,
1128 2484 1197 2505 non
1224 2478 1282 2511 est,
1319 2483 1381 2505 cur
1407 2483 1484 2504 cum
1508 2471 1651 2504 Dahnio
1678 2471 1751 2512 opi-

273 2530 407 2559 nemur,
435 2519 588 2551 Paulum
621 2520 734 2552 serius
768 2525 903 2552 tantum
937 2532 978 2553 ex
1010 2520 1187 2554 saeculari
1219 2520 1293 2552 vita
1326 2521 1363 2552 in
1395 2519 1660 2553 ecclesiasticam
1699 2520 1754 2552 vel

273 2567 513 2599 monachicam
539 2579 610 2600 esse
638 2574 903 2611 transgressum.
962 2569 1091 2611 Ubique
1117 2569 1271 2601 animum
1289 2568 1413 2610 prodit
1438 2568 1562 2600 clerici.
1613 2566 1750 2600 Nihilo-

274 2615 388 2647 minus
414 2617 599 2654 sententia,
637 2627 744 2657 quam.
764 2618 951 2658 proposuit
978 2617 1210 2657 Giesebrecht‚
1237 2617 1291 2649 De
1319 2618 1381 2649 litt.
1399 2616 1491 2648 stud.
1512 2627 1553 2657 p.
1573 2615 1628 2654 26,
1657 2622 1750 2649 stare

268 2667 393 2705 potest,
421 2663 574 2695 Paulum
591 2675 659 2696 ’11οή
685 2662 723 2694 ἰη
748 2666 956 2699 monasterio
983 2665 1183 2698 liberalibus
1201 2665 1325 2696 studiis
1350 2674 1421 2696 esse
1446 2664 1662 2703 instructum,
1692 2665 1755 2698 sed

273 2713 388 2753 ipsum
409 2712 529 2753 potius
549 2712 637 2744 inter
655 2713 820 2744 monacho
840 2713 1073 2746 humanorum
1091 2713 1360 2754 disciplinarum
1377 2712 1508 2744 semina
1531 2713 1746 2754 dispersisse.
