1789 3087
51 2105 99 2139 ⁸p.
114 2106 160 2132 18.

173 29 194 61 8
479 30 623 62 PAULI
651 29 876 63 HISTORIA
907 30 1350 66 LANGOBARDORL'M.

289 139 479 181 Kctrolus
503 155 597 181 vero
622 142 757 181 virum
783 141 1009 192 eruditum,
1040 141 1294 197 Zinqzcccrum
1317 144 1515 198 plurium
1547 160 1655 202 yna-

178 210 295 247 rum,
341 196 514 250 scriptis
553 195 769 247 celebrem,
816 210 951 236 secum
1002 198 1178 239 retinere
1217 200 1390 254 ejusque
1432 215 1563 255 opera
1611 202 1655 242 z'n

177 250 419 292 litterarum
455 251 615 291 studiis
658 250 901 291 excolendis
940 250 1124 305 aliisque
1167 255 1350 308 ozeqotiz's
1373 255 1655 309 perficiendis

177 307 242 346 uti
271 306 481 360 cupiebat.
545 306 624 347 Cui
654 308 850 360 quamvis
882 305 1147 361 aliquandiu
1179 310 1451 364 refragratus
1482 327 1567 353 esse
1597 313 1655 353 υἱ-

176 362 345 413 (Ζεαίιιν,
368 362 490 402 cessit
510 366 665 412 tamen,
688 362 781 416 ejus
802 362 974 402 servitio
996 376 1037 402 se
1055 361 1185 414 dedit,
1209 364 1657 418 immofcmziliczritctte

178 422 215 457 et
256 431 396 456 amore
436 416 531 470 vregyc'
570 418 825 470 conjunctus
865 423 936 458 est.
998 418 1134 458 Testes
1174 425 1273 459 sunt
1313 422 1511 463 carmina
1545 424 1657 464 inter

177 471 409 522 Karolum,
439 471 562 511 Petro
592 471 756 513 Pisano
788 472 1002 513 calamum
1041 474 1238 525 ducente,
1269 480 1306 514 et
1335 475 1521 518 Paulum
1551 492 1657 519 com-

176 532 363 578 mutata,
400 540 452 566 693
483 527 635 582 quibus
666 528 750 568 cluo
781 527 857 569 hoc
887 527 976 569 loco
1010 535 1190 582 repetere
1223 530 1382 570 ίτιυαΐῐ.

456 605 591 647 Item
621 621 812 648 versus
843 607 994 648 Petri
1023 610 1386 662 grammatici.

232 672 320 714 Nos
351 672 541 714 dicamus
574 672 738 715 Christo
768 673 937 716 laudem
969 674 1182 717 Genitoris
1213 676 1351 729 unico,

288 727 434 768 mundi
464 727 618 784 legitur
646 728 848 770 librorum
881 731 953 786 qui
984 739 1147 772 creator
1176 732 1354 786 paginis,

290 784 406 824 cuius
437 784 520 825 fine
550 783 734 826 clemens
764 786 879 827 venit
907 785 1084 827 liberare
1115 787 1312 842 perditos.

233 852 345 893 Ante
377 850 517 892 secula
549 853 621 907 qui
651 860 773 894 natus
804 860 979 908 paterna
1010 854 1254 906 substantia,

287 913 333 948 ut
364 906 543 948 salvaret
573 922 677 963 quos
708 909 869 950 creavit
899 923 1067 950 carnem
1097 916 1282 950 nostram
1313 909 1460 963 induit,

290 970 330 1004 et
358 963 589 1004 innumeris
620 963 803 1005 ostendit
830 964 1030 1005 virtutem
1060 964 1293 1017 miraculis,

232 1029 365 1085 Rupit
393 1036 561 1083 tartara,
593 1029 752 1072 calcato
783 1032 976 1073 draconis
1006 1032 1197 1087 imperio,

288 1086 407 1126 cuius
437 1100 548 1126 mors
578 1095 783 1127 terrarum
815 1086 959 1128 orbem
989 1088 1182 1129 vastabat
1211 1087 1381 1142 invidia,

286 1141 450 1182 vinctos
480 1141 553 1182 diu
582 1142 783 1197 paradysi
812 1143 1013 1197 perduxit
1041 1143 1095 1184 ad
1125 1143 1294 1199 gaudia.

233 1208 317 1259 Qui
346 1213 400 1260 te,
430 1207 573 1261 Paule,
603 1215 823 1264 poetarum
854 1218 1082 1266 vatumque
1113 1211 1416 1265 doctissimum,

285 1262 442 1317 linguis
472 1264 600 1304 variis
629 1265 682 1305 ad
711 1273 897 1306 nostram
926 1264 1182 1321 lampantem
1213 1267 1473 1320 provinciam

285 1318 411 1371 misit,
442 1325 489 1359 ut
517 1319 670 1361 inertes
701 1322 810 1375 aptis
839 1320 1039 1362 fecundes
1069 1321 1312 1365 seminibus.

232 1384 369 1427 Greea
401 1387 583 1427 cerneris
612 1386 837 1433 Homerus,
869 1387 1021 1429 Latina
1050 1388 1266 1444 Virgilius,

287 1441 330 1481 in
359 1441 530 1483 Hebrea
561 1457 729 1498 quoque
760 1442 894 1496 Philo,
926 1443 1138 1485 Tertullus
1168 1445 1210 1485 in
1241 1443 1413 1498 artibus,

286 1496 464 1538 Flaccus
495 1498 677 1539 crederis
707 1499 751 1539 in
781 1500 936 1552 metris,
968 1498 1160 1540 Tibullus
1192 1499 1372 1555 eloquio.

230 1563 297 1605 Tu
325 1578 401 1605 nos
432 1571 556 1619 gestu
587 1565 766 1606 docuisti
797 1566 1086 1621 exemplorum
1118 1566 1301 1620 credere,

287 1620 401 1676 quod
431 1621 586 1661 amoris
615 1635 717 1675 agro
747 1622 880 1662 nostri
908 1621 1120 1677 plantatus
1150 1622 1349 1663 radicitus

284 1677 477 1728 tenearis,
508 1690 586 1716 nec
616 1676 670 1717 ad
699 1677 840 1732 prisca
871 1690 943 1717 cor
973 1676 1102 1718 ducas
1131 1676 1318 1722 latibula.

232 1742 342 1785 Cum
370 1743 644 1798 grammatice
672 1742 835 1785 Latinis
864 1743 1091 1786 fecundare
1120 1744 1266 1785 rivulis

285 1813 370 1840 non
401 1812 538 1840 cesses
568 1805 691 1840 nocte
721 1798 873 1854 dieque
905 1800 1111 1854 cupientis
1140 1801 1304 1841 viscera

286 1854 554 1910 partiumque
583 1855 745 1895 ratione
777 1854 1011 1896 Grecorum
1041 1855 1118 1896 sub
1150 1855 1305 1897 studio:

230 1920 350 1963 Haec
380 1936 456 1963 nos
486 1921 585 1964 facit
614 1922 820 1963 firmiores
852 1922 1043 1964 doctrina
1071 1922 1305 1972 laudabilis,

285 1983 425 2018 vestra
455 1977 507 2018 de
536 1978 830 2033 permansione
862 1992 945 2033 qua
974 1977 1052 2019 fuit
1083 1978 1287 2030 dubietas,

286 2033 399 2088 quod
429 2040 469 2074 te
499 2034 620 2074 restis
648 2040 817 2074 nostrae
847 2034 979 2074 cinxit
1007 2048 1085 2074 nec
1115 2033 1286 2075 dimittit
1314 2034 1533 2076 anchorae.

210 2099 458 2141 *Credimus
487 2107 583 2154 post
614 2100 808 2153 Grecam,
838 2099 980 2141 multis
1012 2115 1139 2155 quam
1170 2101 1366 2154 ostendis,
1396 2101 1585 2157 regulam

286 2161 326 2195 te
357 2155 442 2195 iam
473 2155 606 2196 doctis
636 2157 887 2197 traditurum
916 2155 1184 2197 Hebreorum
1216 2156 1365 2209 studia,

288 2210 440 2265 quibus
470 2210 538 2252 ille
571 2210 806 2252 Gamalihel
837 2211 982 2252 doctor
1011 2210 1116 2266 legis
1148 2211 1308 2253 claruit.

229 2276 406 2332 Magnas
435 2278 511 2319 tibi
541 2291 617 2319 nos
647 2291 836 2333 agamus,
867 2278 1118 2332 venerande,
1153 2279 1324 2334 gratias,

287 2333 359 2388 qui
389 2334 510 2388 cupis
543 2332 680 2374 Greco
713 2339 933 2388 susceptos
964 2333 1129 2376 erudire
1159 2335 1338 2375 tramite.

287 2402 413 2443 quam
442 2402 526 2429 non
556 2395 652 2430 ante
683 2387 972 2444 sperabamus,
1002 2403 1113 2430 nunc
1143 2390 1325 2431 surrexit
1353 2389 1499 2444 gloria.

229 2454 359 2496 Haud
388 2461 428 2495 te
458 2455 571 2509 latet,
604 2457 717 2511 quod
745 2456 917 2497 iubente
949 2456 1115 2498 Christo
1143 2464 1289 2499 nostra
1317 2456 1416 2509 filia,

286 2509 490 2552 Michaele
522 2514 760 2564 comitante,
792 2510 935 2553 sollers
965 2513 1092 2553 maris
1123 2513 1257 2567 spatia

286 2565 340 2604 ad
370 2566 551 2606 tenenda
580 2574 746 2622 sceptra
776 2568 895 2621 regni
923 2568 1149 2608 transitura
1178 2572 1389 2622 properat.

179 2645 215 2688 1)
241 2645 298 2678 Ex
326 2647 399 2679 cod.
426 2647 544 2681 Paris.
572 2649 638 2682 ΧΓ.
668 2649 750 2681 328.
777 2649 917 2691 Lebeztf
937 2650 1055 2690 edidit,
1081 2651 1279 2683 Bethmann
1306 2650 1428 2682 iterum
1454 2648 1652 2690 descripsit.
