<?xml version="1.0" encoding="UTF-8"?>
<!DOCTYPE html PUBLIC "-//W3C//DTD XHTML 1.0 Transitional//EN"
    "http://www.w3.org/TR/xhtml1/DTD/xhtml1-transitional.dtd">
<html xmlns="http://www.w3.org/1999/xhtml" xml:lang="en" lang="en">
 <head>
  <title>
</title>
<meta http-equiv="Content-Type" content="text/html;charset=utf-8" />
  <meta name='ocr-system' content='tesseract 3.04.00' />
  <meta name='ocr-capabilities' content='ocr_page ocr_carea ocr_par ocr_line ocrx_word'/>
</head>
<body>
  <div class='ocr_page' id='page_1' title='image "./paulihistorialan00paul_0043.png"; bbox 0 0 1852 3141; ppageno 0'>
   <div class='ocr_carea' id='block_1_1' title="bbox 370 152 1549 187">
    <p class='ocr_par' dir='ltr' id='par_1_1' title="bbox 370 152 1549 187">
     <span class='ocr_line' id='line_1_1' title="bbox 370 152 1549 187; baseline -0.002 -1"><span class='ocrx_word' id='word_1_1' title='bbox 370 154 515 187; x_wconf 90' lang='lat' dir='ltr'>PAULI</span> <span class='ocrx_word' id='word_1_2' title='bbox 541 154 772 187; x_wconf 83' lang='lat' dir='ltr'><strong>HISTORIA</strong></span> <span class='ocrx_word' id='word_1_3' title='bbox 800 152 1245 186; x_wconf 82' lang='lat' dir='ltr'><em>LANGOBARDORUM.</em></span> <span class='ocrx_word' id='word_1_4' title='bbox 1506 154 1549 185; x_wconf 88' lang='lat'><em>35</em></span> 
     </span>
    </p>
   </div>
   <div class='ocr_carea' id='block_1_2' title="bbox 37 263 1662 2580">
    <p class='ocr_par' dir='ltr' id='par_1_2' title="bbox 51 263 1549 928">
     <span class='ocr_line' id='line_1_2' title="bbox 181 263 1549 323; baseline -0.003 -16"><span class='ocrx_word' id='word_1_5' title='bbox 181 266 270 323; x_wconf 93' lang='grc'><strong>(58)</strong></span> <span class='ocrx_word' id='word_1_6' title='bbox 300 265 423 306; x_wconf 79' lang='lat' dir='ltr'><em>F2³.</em></span> <span class='ocrx_word' id='word_1_7' title='bbox 481 264 824 306; x_wconf 87' lang='lat' dir='ltr'><em>Parisiensis</em></span> <span class='ocrx_word' id='word_1_8' title='bbox 859 264 939 304; x_wconf 86' lang='lat' dir='ltr'><em>Nr.</em></span> <span class='ocrx_word' id='word_1_9' title='bbox 970 263 1092 315; x_wconf 80' lang='grc'><strong>6159,</strong></span> <span class='ocrx_word' id='word_1_10' title='bbox 1134 263 1301 304; x_wconf 83' lang='lat' dir='ltr'><em>membr.</em></span> <span class='ocrx_word' id='word_1_11' title='bbox 1341 263 1378 303; x_wconf 87' lang='grc'><strong>8.</strong></span> <span class='ocrx_word' id='word_1_12' title='bbox 1411 279 1441 306; x_wconf 92' lang='lat' dir='ltr'><em>s.</em></span> <span class='ocrx_word' id='word_1_13' title='bbox 1474 264 1549 316; x_wconf 76' lang='lat' dir='ltr'><em>XL</em></span> 
     </span>
     <span class='ocr_line' id='line_1_3' title="bbox 68 319 1548 374; baseline -0.002 -11"><span class='ocrx_word' id='word_1_14' title='bbox 68 337 162 363; x_wconf 86' lang='lat' dir='ltr'><em>cum</em></span> <span class='ocrx_word' id='word_1_15' title='bbox 191 322 272 362; x_wconf 87' lang='lat' dir='ltr'><em>F2</em></span> <span class='ocrx_word' id='word_1_16' title='bbox 302 322 366 361; x_wconf 87' lang='lat' dir='ltr'><em>ita</em></span> <span class='ocrx_word' id='word_1_17' title='bbox 396 321 524 362; x_wconf 90' lang='lat' dir='ltr'><em>etiam</em></span> <span class='ocrx_word' id='word_1_18' title='bbox 554 322 602 361; x_wconf 86' lang='lat' dir='ltr'><em>in</em></span> <span class='ocrx_word' id='word_1_19' title='bbox 633 319 738 362; x_wconf 78' lang='lat' dir='ltr'><em>locis</em></span> <span class='ocrx_word' id='word_1_20' title='bbox 768 320 1042 374; x_wconf 72' lang='lat' dir='ltr'><em>interpolatis</em></span> <span class='ocrx_word' id='word_1_21' title='bbox 1063 320 1271 371; x_wconf 76' lang='lat' dir='ltr'><em>convenit,</em></span> <span class='ocrx_word' id='word_1_22' title='bbox 1302 325 1349 359; x_wconf 86' lang='lat' dir='ltr'><em>ut</em></span> <span class='ocrx_word' id='word_1_23' title='bbox 1371 333 1421 359; x_wconf 69' lang='lat' dir='ltr'><em>eoe</em></span> <span class='ocrx_word' id='word_1_24' title='bbox 1454 321 1548 373; x_wconf 74' lang='lat' dir='ltr'><em>ipso</em></span> 
     </span>
     <span class='ocr_line' id='line_1_4' title="bbox 68 375 1548 431; baseline -0.003 -13"><span class='ocrx_word' id='word_1_25' title='bbox 68 383 265 431; x_wconf 68' lang='lat' dir='ltr'><em>exceptus</em></span> <span class='ocrx_word' id='word_1_26' title='bbox 286 376 522 417; x_wconf 87' lang='lat' dir='ltr'><em>censendus</em></span> <span class='ocrx_word' id='word_1_27' title='bbox 552 382 667 428; x_wconf 80' lang='lat' dir='ltr'><em>esset,</em></span> <span class='ocrx_word' id='word_1_28' title='bbox 699 376 788 416; x_wconf 88' lang='lat' dir='ltr'><em>nisi</em></span> <span class='ocrx_word' id='word_1_29' title='bbox 817 390 926 430; x_wconf 77' lang='lat' dir='ltr'><em>quae</em></span> <span class='ocrx_word' id='word_1_30' title='bbox 947 376 997 416; x_wconf 89' lang='lat' dir='ltr'><em>de</em></span> <span class='ocrx_word' id='word_1_31' title='bbox 1019 375 1263 429; x_wconf 76' lang='lat' dir='ltr'><em>scripturae</em></span> <span class='ocrx_word' id='word_1_32' title='bbox 1285 380 1419 415; x_wconf 87' lang='lat' dir='ltr'><em>aetate</em></span> <span class='ocrx_word' id='word_1_33' title='bbox 1440 375 1548 428; x_wconf 85' lang='lat' dir='ltr'><em>refe-</em></span> 
     </span>
     <span class='ocr_line' id='line_1_5' title="bbox 68 430 1549 482; baseline -0.001 -10"><span class='ocrx_word' id='word_1_34' title='bbox 68 439 226 472; x_wconf 91' lang='lat' dir='ltr'><em>rantur</em></span> <span class='ocrx_word' id='word_1_35' title='bbox 247 432 471 473; x_wconf 72' lang='lat' dir='ltr'><strong><em>obstarent.</em></strong></span> <span class='ocrx_word' id='word_1_36' title='bbox 508 430 628 478; x_wconf 80' lang='lat' dir='ltr'><em>Quae</em></span> <span class='ocrx_word' id='word_1_37' title='bbox 646 432 685 472; x_wconf 89' lang='lat' dir='ltr'><em>si</em></span> <span class='ocrx_word' id='word_1_38' title='bbox 704 437 810 471; x_wconf 85' lang='lat' dir='ltr'><em>recte</em></span> <span class='ocrx_word' id='word_1_39' title='bbox 832 430 1000 482; x_wconf 77' lang='lat' dir='ltr'><em>habent,</em></span> <span class='ocrx_word' id='word_1_40' title='bbox 1022 431 1149 471; x_wconf 89' lang='lat' dir='ltr'><em>etiam</em></span> <span class='ocrx_word' id='word_1_41' title='bbox 1166 430 1236 471; x_wconf 91' lang='lat' dir='ltr'><em>hic</em></span> <span class='ocrx_word' id='word_1_42' title='bbox 1257 445 1309 471; x_wconf 65' lang='lat' dir='ltr'><em>ea}</em></span> <span class='ocrx_word' id='word_1_43' title='bbox 1330 431 1549 471; x_wconf 69' lang='lat' dir='ltr'><em>IVIodoetia</em></span> 
     </span>
     <span class='ocr_line' id='line_1_6' title="bbox 64 486 1548 542; baseline 0 -16"><span class='ocrx_word' id='word_1_44' title='bbox 64 488 320 542; x_wconf 74' lang='lat' dir='ltr'><em>repetendus</em></span> <span class='ocrx_word' id='word_1_45' title='bbox 353 494 430 528; x_wconf 88' lang='lat' dir='ltr'><em>aut</em></span> <span class='ocrx_word' id='word_1_46' title='bbox 458 488 664 528; x_wconf 82' lang='lat' dir='ltr'><em>vetustior</em></span> <span class='ocrx_word' id='word_1_47' title='bbox 694 487 825 541; x_wconf 80' lang='lat' dir='ltr'><em>hujus</em></span> <span class='ocrx_word' id='word_1_48' title='bbox 855 486 976 526; x_wconf 87' lang='lat' dir='ltr'><em>urbis</em></span> <span class='ocrx_word' id='word_1_49' title='bbox 1007 486 1139 527; x_wconf 74' lang='lat' dir='ltr'><em>codecc</em></span> <span class='ocrx_word' id='word_1_50' title='bbox 1169 487 1267 540; x_wconf 80' lang='lat' dir='ltr'><em>jam</em></span> <span class='ocrx_word' id='word_1_51' title='bbox 1298 486 1548 540; x_wconf 76' lang='lat' dir='ltr'><em>deperditus</em></span> 
     </span>
     <span class='ocr_line' id='line_1_7' title="bbox 64 542 1547 596; baseline -0.002 -12"><span class='ocrx_word' id='word_1_52' title='bbox 64 543 319 584; x_wconf 83' lang='lat' dir='ltr'><em>statuendus</em></span> <span class='ocrx_word' id='word_1_53' title='bbox 349 549 418 586; x_wconf 85' lang='lat' dir='ltr'><em>est.</em></span> <span class='ocrx_word' id='word_1_54' title='bbox 477 543 724 583; x_wconf 88' lang='lat' dir='ltr'><em>Bethmann</em></span> <span class='ocrx_word' id='word_1_55' title='bbox 755 542 935 582; x_wconf 86' lang='lat' dir='ltr'><em>eundem</em></span> <span class='ocrx_word' id='word_1_56' title='bbox 959 542 1139 596; x_wconf 73' lang='lat' dir='ltr'><em>putavit</em></span> <span class='ocrx_word' id='word_1_57' title='bbox 1167 543 1243 594; x_wconf 75' lang='lat' dir='ltr'><em>qui</em></span> <span class='ocrx_word' id='word_1_58' title='bbox 1272 542 1321 581; x_wconf 88' lang='lat' dir='ltr'><em>in</em></span> <span class='ocrx_word' id='word_1_59' title='bbox 1351 542 1547 595; x_wconf 72' lang='lat' dir='ltr'><em>catcd090</em></span> 
     </span>
     <span class='ocr_line' id='line_1_8' title="bbox 63 595 1547 649; baseline -0.001 -10"><span class='ocrx_word' id='word_1_60' title='bbox 63 598 334 639; x_wconf 69' lang='lat' dir='ltr'><em>bibliothecae</em></span> <span class='ocrx_word' id='word_1_61' title='bbox 393 598 686 639; x_wconf 88' lang='lat' dir='ltr'><em>Vicecomitum</em></span> <span class='ocrx_word' id='word_1_62' title='bbox 733 597 944 649; x_wconf 79' lang='lat' dir='ltr'><em>Papiensi</em></span> <span class='ocrx_word' id='word_1_63' title='bbox 995 612 1032 636; x_wconf 91' lang='lat' dir='ltr'><em>a.</em></span> <span class='ocrx_word' id='word_1_64' title='bbox 1086 595 1205 636; x_wconf 76' lang='lat'><em>1426.</em></span> <span class='ocrx_word' id='word_1_65' title='bbox 1254 597 1336 637; x_wconf 84' lang='lat' dir='ltr'><em>Nr.</em></span> <span class='ocrx_word' id='word_1_66' title='bbox 1386 596 1547 637; x_wconf 87' lang='lat' dir='ltr'><em>XXIII.</em></span> 
     </span>
     <span class='ocr_line' id='line_1_9' title="bbox 60 650 1547 706; baseline 0 -13"><span class='ocrx_word' id='word_1_67' title='bbox 60 652 250 694; x_wconf 80' lang='lat' dir='ltr'><em>Historia</em></span> <span class='ocrx_word' id='word_1_68' title='bbox 288 652 529 693; x_wconf 82' lang='lat' dir='ltr'><em>Lombarda</em></span> <span class='ocrx_word' id='word_1_69' title='bbox 566 652 687 706; x_wconf 72' lang='lat' dir='ltr'><em>parvi</em></span> <span class='ocrx_word' id='word_1_70' title='bbox 720 650 946 691; x_wconf 84' lang='lat' dir='ltr'><em>volumim&#39;s</em></span> <span class='ocrx_word' id='word_1_71' title='bbox 983 650 1162 705; x_wconf 85' lang='lat' dir='ltr'><em>affertur</em></span> <span class='ocrx_word' id='word_1_72' title='bbox 1198 652 1334 703; x_wconf 80' lang='lat' dir='ltr'><em>(Bibl.</em></span> <span class='ocrx_word' id='word_1_73' title='bbox 1364 652 1547 706; x_wconf 73' lang='lat' dir='ltr'><em>publica</em></span> 
     </span>
     <span class='ocr_line' id='line_1_10' title="bbox 61 707 1548 763; baseline 0 -15"><span class='ocrx_word' id='word_1_74' title='bbox 61 708 293 763; x_wconf 71' lang='lat' dir='ltr'><em>Papiensis</em></span> <span class='ocrx_word' id='word_1_75' title='bbox 324 710 402 750; x_wconf 88' lang='lat' dir='ltr'><em>Tit.</em></span> <span class='ocrx_word' id='word_1_76' title='bbox 423 708 591 758; x_wconf 78' lang='lat' dir='ltr'><em>XXXV,</em></span> <span class='ocrx_word' id='word_1_77' title='bbox 613 707 687 759; x_wconf 79' lang='lat'><em>3)‚·</em></span> <span class='ocrx_word' id='word_1_78' title='bbox 718 707 766 747; x_wconf 88' lang='lat' dir='ltr'><em>id</em></span> <span class='ocrx_word' id='word_1_79' title='bbox 796 707 911 761; x_wconf 76' lang='lat' dir='ltr'><em>quod</em></span> <span class='ocrx_word' id='word_1_80' title='bbox 931 707 1091 747; x_wconf 76' lang='lat' dir='ltr'><em>Delisle</em></span> <span class='ocrx_word' id='word_1_81' title='bbox 1121 707 1259 759; x_wconf 86' lang='lat' dir='ltr'><em>(Hist.</em></span> <span class='ocrx_word' id='word_1_82' title='bbox 1291 707 1351 747; x_wconf 86' lang='lat' dir='ltr'><em>du</em></span> <span class='ocrx_word' id='word_1_83' title='bbox 1380 708 1548 748; x_wconf 88' lang='lat' dir='ltr'><em>cabinet</em></span> 
     </span>
     <span class='ocr_line' id='line_1_11' title="bbox 63 761 1546 817; baseline -0.002 -12"><span class='ocrx_word' id='word_1_84' title='bbox 63 764 136 805; x_wconf 89' lang='lat' dir='ltr'><em>des</em></span> <span class='ocrx_word' id='word_1_85' title='bbox 180 765 441 805; x_wconf 74' lang='lat' dir='ltr'><em>manuscrits</em></span> <span class='ocrx_word' id='word_1_86' title='bbox 471 779 521 817; x_wconf 75' lang='lat' dir='ltr'><em>p.</em></span> <span class='ocrx_word' id='word_1_87' title='bbox 564 762 665 814; x_wconf 87' lang='lat'><em>126)</em></span> <span class='ocrx_word' id='word_1_88' title='bbox 697 768 854 815; x_wconf 75' lang='lat' dir='ltr'><em>postea</em></span> <span class='ocrx_word' id='word_1_89' title='bbox 895 761 1204 814; x_wconf 78' lang='lat' dir='ltr'><em>confirmavitl.</em></span> <span class='ocrx_word' id='word_1_90' title='bbox 1263 762 1329 814; x_wconf 88' lang='lat' dir='ltr'><em>II,</em></span> <span class='ocrx_word' id='word_1_91' title='bbox 1372 762 1546 803; x_wconf 79' lang='lat'><em>15—24.</em></span> 
     </span>
     <span class='ocr_line' id='line_1_12' title="bbox 64 817 1542 872; baseline -0.001 -12"><span class='ocrx_word' id='word_1_92' title='bbox 64 821 222 860; x_wconf 86' lang='lat' dir='ltr'><em>omissa</em></span> <span class='ocrx_word' id='word_1_93' title='bbox 260 819 403 860; x_wconf 88' lang='lat' dir='ltr'><em>scriba</em></span> <span class='ocrx_word' id='word_1_94' title='bbox 440 821 487 860; x_wconf 91' lang='lat' dir='ltr'><em>in</em></span> <span class='ocrx_word' id='word_1_95' title='bbox 528 817 642 859; x_wconf 78' lang='lat' dir='ltr'><em>calce</em></span> <span class='ocrx_word' id='word_1_96' title='bbox 671 817 773 858; x_wconf 78' lang='lat' dir='ltr'><em>libri</em></span> <span class='ocrx_word' id='word_1_97' title='bbox 802 817 1030 872; x_wconf 73' lang='lat' dir='ltr'><em>supplevit,</em></span> <span class='ocrx_word' id='word_1_98' title='bbox 1073 818 1147 858; x_wconf 88' lang='lat' dir='ltr'><em>ubi</em></span> <span class='ocrx_word' id='word_1_99' title='bbox 1177 817 1373 858; x_wconf 80' lang='lat' dir='ltr'><em>ultimum</em></span> <span class='ocrx_word' id='word_1_100' title='bbox 1404 824 1542 858; x_wconf 86' lang='lat' dir='ltr'><em>tamen</em></span> 
     </span>
     <span class='ocr_line' id='line_1_13' title="bbox 51 874 476 928; baseline -0.005 -13"><span class='ocrx_word' id='word_1_101' title='bbox 51 874 217 928; x_wconf 77' lang='lat' dir='ltr'><em>folium</em></span> <span class='ocrx_word' id='word_1_102' title='bbox 245 874 476 915; x_wconf 74' lang='lat' dir='ltr'><em>intercidit.</em></span> 
     </span>
    </p>

    <p class='ocr_par' dir='ltr' id='par_1_3' title="bbox 55 927 1544 1427">
     <span class='ocr_line' id='line_1_14' title="bbox 176 927 1544 987; baseline 0 -18"><span class='ocrx_word' id='word_1_103' title='bbox 176 929 265 987; x_wconf 81' lang='grc'><strong>(59)</strong></span> <span class='ocrx_word' id='word_1_104' title='bbox 295 929 445 970; x_wconf 76' lang='lat' dir='ltr'><em>F2³*.</em></span> <span class='ocrx_word' id='word_1_105' title='bbox 504 928 576 968; x_wconf 92' lang='lat' dir='ltr'><em>Pa</em></span> <span class='ocrx_word' id='word_1_106' title='bbox 589 928 850 969; x_wconf 83' lang='lat' dir='ltr'><em>risiensis</em></span> <span class='ocrx_word' id='word_1_107' title='bbox 879 928 960 968; x_wconf 88' lang='lat' dir='ltr'><em>Nr.</em></span> <span class='ocrx_word' id='word_1_108' title='bbox 983 927 1104 979; x_wconf 90' lang='grc'><strong>6815,</strong></span> <span class='ocrx_word' id='word_1_109' title='bbox 1145 943 1177 968; x_wconf 88' lang='lat' dir='ltr'><em>s.</em></span> <span class='ocrx_word' id='word_1_110' title='bbox 1200 928 1311 968; x_wconf 83' lang='lat' dir='ltr'><em>XIV.</em></span> <span class='ocrx_word' id='word_1_111' title='bbox 1345 930 1390 968; x_wconf 89' lang='lat' dir='ltr'><em>in</em></span> <span class='ocrx_word' id='word_1_112' title='bbox 1421 943 1544 969; x_wconf 90' lang='lat' dir='ltr'><em>mem—</em></span> 
     </span>
     <span class='ocr_line' id='line_1_15' title="bbox 62 983 1544 1038; baseline -0.001 -13"><span class='ocrx_word' id='word_1_113' title='bbox 62 985 204 1026; x_wconf 88' lang='lat' dir='ltr'><em>brana</em></span> <span class='ocrx_word' id='word_1_114' title='bbox 222 985 337 1025; x_wconf 73' lang='lat' dir='ltr'><em>Itala</em></span> <span class='ocrx_word' id='word_1_115' title='bbox 358 999 409 1025; x_wconf 77' lang='lat' dir='ltr'><em>eoe</em></span> <span class='ocrx_word' id='word_1_116' title='bbox 430 984 510 1025; x_wconf 84' lang='lat' dir='ltr'><em>F2</em></span> <span class='ocrx_word' id='word_1_117' title='bbox 524 990 540 1010; x_wconf 72' lang='lat'>³</span> <span class='ocrx_word' id='word_1_118' title='bbox 563 984 818 1038; x_wconf 73' lang='lat' dir='ltr'><em>descriptus.</em></span> <span class='ocrx_word' id='word_1_119' title='bbox 878 984 971 1024; x_wconf 88' lang='lat' dir='ltr'><em>Hoc</em></span> <span class='ocrx_word' id='word_1_120' title='bbox 1003 985 1278 1024; x_wconf 84' lang='lat' dir='ltr'><em>continentur</em></span> <span class='ocrx_word' id='word_1_121' title='bbox 1310 983 1544 1024; x_wconf 78' lang='lat' dir='ltr'><em>volumine:</em></span> 
     </span>
     <span class='ocr_line' id='line_1_16' title="bbox 59 1039 1544 1093; baseline -0.001 -12"><span class='ocrx_word' id='word_1_122' title='bbox 59 1039 251 1091; x_wconf 76' lang='lat' dir='ltr'><em>Solinus,</em></span> <span class='ocrx_word' id='word_1_123' title='bbox 282 1040 416 1081; x_wconf 79' lang='lat' dir='ltr'><em>Pauli</em></span> <span class='ocrx_word' id='word_1_124' title='bbox 445 1041 626 1081; x_wconf 81' lang='lat' dir='ltr'><em>historia</em></span> <span class='ocrx_word' id='word_1_125' title='bbox 654 1039 871 1090; x_wconf 78' lang='lat' dir='ltr'><em>Romana⁷</em></span> <span class='ocrx_word' id='word_1_126' title='bbox 903 1039 1102 1080; x_wconf 79' lang='lat' dir='ltr'><em>Historia</em></span> <span class='ocrx_word' id='word_1_127' title='bbox 1130 1039 1544 1093; x_wconf 61' lang='lat' dir='ltr'><em>Laiiyobci⁷²d02‘=zc7›z‚</em></span> 
     </span>
     <span class='ocr_line' id='line_1_17' title="bbox 57 1094 1544 1148; baseline 0.001 -13"><span class='ocrx_word' id='word_1_128' title='bbox 57 1095 223 1137; x_wconf 80' lang='lat' dir='ltr'><em>Isidori</em></span> <span class='ocrx_word' id='word_1_129' title='bbox 252 1095 437 1136; x_wconf 87' lang='lat' dir='ltr'><em>historia</em></span> <span class='ocrx_word' id='word_1_130' title='bbox 460 1095 708 1148; x_wconf 77' lang='lat' dir='ltr'><em>Gothorum,</em></span> <span class='ocrx_word' id='word_1_131' title='bbox 738 1095 963 1135; x_wconf 70' lang='lat' dir='ltr'><em>Martinus</em></span> <span class='ocrx_word' id='word_1_132' title='bbox 984 1094 1186 1146; x_wconf 80' lang='lat' dir='ltr'><em>Polonus,</em></span> <span class='ocrx_word' id='word_1_133' title='bbox 1220 1096 1404 1136; x_wconf 87' lang='lat' dir='ltr'><em>Thomae</em></span> <span class='ocrx_word' id='word_1_134' title='bbox 1425 1096 1544 1136; x_wconf 89' lang='lat' dir='ltr'><em>chro-</em></span> 
     </span>
     <span class='ocr_line' id='line_1_18' title="bbox 57 1149 1542 1205; baseline 0 -15"><span class='ocrx_word' id='word_1_135' title='bbox 57 1151 206 1204; x_wconf 81' lang='lat' dir='ltr'><em>nicon,</em></span> <span class='ocrx_word' id='word_1_136' title='bbox 249 1149 464 1205; x_wconf 76' lang='lat' dir='ltr'><em>Gaufridi</em></span> <span class='ocrx_word' id='word_1_137' title='bbox 501 1151 686 1192; x_wconf 85' lang='lat' dir='ltr'><em>historia</em></span> <span class='ocrx_word' id='word_1_138' title='bbox 723 1150 913 1205; x_wconf 67' lang='lat' dir='ltr'><em>Anyliae</em></span> <span class='ocrx_word' id='word_1_139' title='bbox 944 1151 1023 1204; x_wconf 88' lang='lat' dir='ltr'><em>(cf.</em></span> <span class='ocrx_word' id='word_1_140' title='bbox 1061 1149 1144 1191; x_wconf 80' lang='lat' dir='ltr'><em>SS.</em></span> <span class='ocrx_word' id='word_1_141' title='bbox 1175 1151 1310 1203; x_wconf 73' lang='lat' dir='ltr'><em>XXII,</em></span> <span class='ocrx_word' id='word_1_142' title='bbox 1343 1166 1393 1205; x_wconf 71' lang='lat' dir='ltr'><em>p.</em></span> <span class='ocrx_word' id='word_1_143' title='bbox 1424 1149 1542 1202; x_wconf 75' lang='lat'><em>489).</em></span> 
     </span>
     <span class='ocr_line' id='line_1_19' title="bbox 55 1205 1543 1261; baseline 0.001 -15"><span class='ocrx_word' id='word_1_144' title='bbox 55 1206 221 1247; x_wconf 87' lang='lat' dir='ltr'><em>Eadem</em></span> <span class='ocrx_word' id='word_1_145' title='bbox 251 1221 387 1261; x_wconf 76' lang='lat' dir='ltr'><em>opera</em></span> <span class='ocrx_word' id='word_1_146' title='bbox 416 1222 511 1248; x_wconf 89' lang='lat' dir='ltr'><em>cum</em></span> <span class='ocrx_word' id='word_1_147' title='bbox 541 1207 588 1247; x_wconf 84' lang='lat' dir='ltr'><em>in</em></span> <span class='ocrx_word' id='word_1_148' title='bbox 620 1206 762 1247; x_wconf 83' lang='lat' dir='ltr'><em>codice</em></span> <span class='ocrx_word' id='word_1_149' title='bbox 792 1205 1065 1247; x_wconf 73' lang='lat' dir='ltr'><em>bibliothecae</em></span> <span class='ocrx_word' id='word_1_150' title='bbox 1097 1206 1390 1248; x_wconf 86' lang='lat' dir='ltr'><em>Vicecomitum</em></span> <span class='ocrx_word' id='word_1_151' title='bbox 1410 1206 1543 1260; x_wconf 73' lang='lat' dir='ltr'><em>Papi-</em></span> 
     </span>
     <span class='ocr_line' id='line_1_20' title="bbox 57 1260 1541 1317; baseline 0 -15"><span class='ocrx_word' id='word_1_152' title='bbox 57 1264 152 1303; x_wconf 88' lang='lat' dir='ltr'><em>ensi</em></span> <span class='ocrx_word' id='word_1_153' title='bbox 180 1263 293 1317; x_wconf 62' lang='lat' dir='ltr'><em>sign.</em></span> <span class='ocrx_word' id='word_1_154' title='bbox 316 1262 519 1304; x_wconf 80' lang='lat' dir='ltr'><strong><em>DCXXX</em></strong></span> <span class='ocrx_word' id='word_1_155' title='bbox 525 1262 609 1303; x_wconf 91' lang='lat' dir='ltr'><em>VII</em></span> <span class='ocrx_word' id='word_1_156' title='bbox 633 1260 875 1316; x_wconf 77' lang='lat' dir='ltr'><em>afferantur</em></span> <span class='ocrx_word' id='word_1_157' title='bbox 906 1266 926 1315; x_wconf 90' lang='lat'><em>(</em></span> <span class='ocrx_word' id='word_1_158' title='bbox 928 1262 955 1302; x_wconf 83' lang='lat' dir='ltr'><em>Z.</em></span> <span class='ocrx_word' id='word_1_159' title='bbox 986 1261 1012 1301; x_wconf 85' lang='lat' dir='ltr'><em>Z.</em></span> <span class='ocrx_word' id='word_1_160' title='bbox 1016 1264 1050 1313; x_wconf 81' lang='lat'><em>)‚</em></span> <span class='ocrx_word' id='word_1_161' title='bbox 1083 1262 1197 1303; x_wconf 86' lang='lat' dir='ltr'><em>hanc</em></span> <span class='ocrx_word' id='word_1_162' title='bbox 1227 1277 1325 1303; x_wconf 77' lang='lat' dir='ltr'><em>vero</em></span> <span class='ocrx_word' id='word_1_163' title='bbox 1357 1277 1396 1303; x_wconf 88' lang='lat' dir='ltr'><em>a.</em></span> <span class='ocrx_word' id='word_1_164' title='bbox 1422 1261 1541 1302; x_wconf 72' lang='lat'><em>1499.</em></span> 
     </span>
     <span class='ocr_line' id='line_1_21' title="bbox 56 1316 1538 1371; baseline 0 -14"><span class='ocrx_word' id='word_1_165' title='bbox 56 1316 261 1358; x_wconf 75' lang='grc' dir='ltr'><strong>υθΖ1500.</strong></span> <span class='ocrx_word' id='word_1_166' title='bbox 292 1318 489 1359; x_wconf 87' lang='lat' dir='ltr'><em>Parisios</em></span> <span class='ocrx_word' id='word_1_167' title='bbox 537 1324 806 1371; x_wconf 72' lang='lat' dir='ltr'><em>asportatam</em></span> <span class='ocrx_word' id='word_1_168' title='bbox 843 1332 930 1359; x_wconf 90' lang='lat' dir='ltr'><em>esse</em></span> <span class='ocrx_word' id='word_1_169' title='bbox 969 1324 1127 1358; x_wconf 86' lang='lat' dir='ltr'><em>constet</em></span> <span class='ocrx_word' id='word_1_170' title='bbox 1168 1317 1352 1369; x_wconf 79' lang='lat' dir='ltr'><em>(Delisie</em></span> <span class='ocrx_word' id='word_1_171' title='bbox 1381 1317 1407 1357; x_wconf 74' lang='lat' dir='ltr'><em>l.</em></span> <span class='ocrx_word' id='word_1_172' title='bbox 1438 1317 1465 1357; x_wconf 76' lang='lat' dir='ltr'><em>l.</em></span> <span class='ocrx_word' id='word_1_173' title='bbox 1489 1333 1538 1371; x_wconf 74' lang='lat' dir='ltr'><em>p.</em></span> 
     </span>
     <span class='ocr_line' id='line_1_22' title="bbox 60 1371 982 1427; baseline -0.001 -14"><span class='ocrx_word' id='word_1_174' title='bbox 60 1371 138 1413; x_wconf 89' lang='lat'><em>125</em></span> <span class='ocrx_word' id='word_1_175' title='bbox 140 1376 175 1425; x_wconf 80' lang='lat'><em>)‚</em></span> <span class='ocrx_word' id='word_1_176' title='bbox 207 1374 313 1427; x_wconf 83' lang='lat' dir='ltr'><em>quin</em></span> <span class='ocrx_word' id='word_1_177' title='bbox 343 1374 455 1414; x_wconf 85' lang='lat' dir='ltr'><em>idem</em></span> <span class='ocrx_word' id='word_1_178' title='bbox 484 1375 539 1414; x_wconf 88' lang='lat' dir='ltr'><em>sit</em></span> <span class='ocrx_word' id='word_1_179' title='bbox 570 1373 766 1414; x_wconf 87' lang='lat' dir='ltr'><em>dubitari</em></span> <span class='ocrx_word' id='word_1_180' title='bbox 794 1374 982 1426; x_wconf 65' lang='lat' dir='ltr'><em>nequitss.</em></span> 
     </span>
    </p>

    <p class='ocr_par' dir='ltr' id='par_1_4' title="bbox 52 1427 1543 1926">
     <span class='ocr_line' id='line_1_23' title="bbox 169 1427 1543 1482; baseline -0.001 -13"><span class='ocrx_word' id='word_1_181' title='bbox 169 1429 261 1482; x_wconf 86' lang='lat'>(60)</span> <span class='ocrx_word' id='word_1_182' title='bbox 292 1429 335 1469; x_wconf 85' lang='lat' dir='ltr'><em>F</em></span> <span class='ocrx_word' id='word_1_183' title='bbox 355 1430 392 1469; x_wconf 87' lang='lat'><em>3.</em></span> <span class='ocrx_word' id='word_1_184' title='bbox 462 1430 760 1470; x_wconf 87' lang='lat' dir='ltr'><em>Vaticanus</em></span> <span class='ocrx_word' id='word_1_185' title='bbox 803 1429 885 1469; x_wconf 87' lang='lat' dir='ltr'><em>Nr.</em></span> <span class='ocrx_word' id='word_1_186' title='bbox 930 1428 1060 1480; x_wconf 83' lang='grc'><strong>3339,</strong></span> <span class='ocrx_word' id='word_1_187' title='bbox 1107 1428 1275 1468; x_wconf 91' lang='lat' dir='ltr'><em>membr.</em></span> <span class='ocrx_word' id='word_1_188' title='bbox 1310 1427 1397 1482; x_wconf 77' lang='lat' dir='ltr'><em>foi.</em></span> <span class='ocrx_word' id='word_1_189' title='bbox 1442 1428 1543 1469; x_wconf 86' lang='lat' dir='ltr'><em>Post</em></span> 
     </span>
     <span class='ocr_line' id='line_1_24' title="bbox 64 1483 1542 1538; baseline 0 -14"><span class='ocrx_word' id='word_1_190' title='bbox 64 1483 263 1524; x_wconf 86' lang='lat' dir='ltr'><em>Orosium</em></span> <span class='ocrx_word' id='word_1_191' title='bbox 293 1490 330 1524; x_wconf 91' lang='lat' dir='ltr'><em>et</em></span> <span class='ocrx_word' id='word_1_192' title='bbox 358 1484 491 1525; x_wconf 83' lang='lat' dir='ltr'><em>Pauli</em></span> <span class='ocrx_word' id='word_1_193' title='bbox 518 1485 743 1524; x_wconf 87' lang='lat' dir='ltr'><em>historiam</em></span> <span class='ocrx_word' id='word_1_194' title='bbox 772 1484 1019 1525; x_wconf 77' lang='lat' dir='ltr'><em>Romanam</em></span> <span class='ocrx_word' id='word_1_195' title='bbox 1049 1499 1082 1526; x_wconf 91' lang='lat' dir='ltr'><em>s.</em></span> <span class='ocrx_word' id='word_1_196' title='bbox 1104 1483 1176 1523; x_wconf 88' lang='lat' dir='ltr'><em>XI.</em></span> <span class='ocrx_word' id='word_1_197' title='bbox 1208 1484 1375 1538; x_wconf 75' lang='lat' dir='ltr'><em>scripta</em></span> <span class='ocrx_word' id='word_1_198' title='bbox 1405 1485 1542 1537; x_wconf 76' lang='lat' dir='ltr'><em>sequi-</em></span> 
     </span>
     <span class='ocr_line' id='line_1_25' title="bbox 55 1538 1542 1594; baseline -0.001 -15"><span class='ocrx_word' id='word_1_199' title='bbox 55 1545 127 1580; x_wconf 88' lang='lat' dir='ltr'><em>tur</em></span> <span class='ocrx_word' id='word_1_200' title='bbox 155 1539 262 1580; x_wconf 85' lang='lat' dir='ltr'><em>Ziber</em></span> <span class='ocrx_word' id='word_1_201' title='bbox 291 1554 426 1581; x_wconf 85' lang='lat' dir='ltr'><em>manu</em></span> <span class='ocrx_word' id='word_1_202' title='bbox 447 1540 564 1580; x_wconf 80' lang='lat' dir='ltr'><em>Itala</em></span> <span class='ocrx_word' id='word_1_203' title='bbox 594 1554 626 1579; x_wconf 92' lang='lat' dir='ltr'><em>s.</em></span> <span class='ocrx_word' id='word_1_204' title='bbox 648 1539 746 1579; x_wconf 90' lang='lat' dir='ltr'><em>XII.</em></span> <span class='ocrx_word' id='word_1_205' title='bbox 769 1555 832 1580; x_wconf 69' lang='lat' dir='ltr'><em>ew.</em></span> <span class='ocrx_word' id='word_1_206' title='bbox 855 1545 1076 1591; x_wconf 72' lang='lat' dir='ltr'><em>eoearatus,</em></span> <span class='ocrx_word' id='word_1_207' title='bbox 1109 1554 1190 1594; x_wconf 77' lang='lat' dir='ltr'><em>quo</em></span> <span class='ocrx_word' id='word_1_208' title='bbox 1213 1540 1371 1591; x_wconf 74' lang='lat' dir='ltr'><em>Dares,</em></span> <span class='ocrx_word' id='word_1_209' title='bbox 1401 1538 1542 1580; x_wconf 79' lang='lat' dir='ltr'><em>‘Liber</em></span> 
     </span>
     <span class='ocr_line' id='line_1_26' title="bbox 53 1594 1541 1649; baseline 0.001 -15"><span class='ocrx_word' id='word_1_210' title='bbox 53 1594 210 1648; x_wconf 79' lang='lat' dir='ltr'><em>ystorie</em></span> <span class='ocrx_word' id='word_1_211' title='bbox 241 1594 292 1635; x_wconf 81' lang='lat' dir='ltr'><em>de</em></span> <span class='ocrx_word' id='word_1_212' title='bbox 321 1595 480 1648; x_wconf 82' lang='lat' dir='ltr'><em>origine</em></span> <span class='ocrx_word' id='word_1_213' title='bbox 501 1609 551 1635; x_wconf 81' lang='lat' dir='ltr'><em>ac</em></span> <span class='ocrx_word' id='word_1_214' title='bbox 570 1595 703 1649; x_wconf 81' lang='lat' dir='ltr'><em>gestis</em></span> <span class='ocrx_word' id='word_1_215' title='bbox 724 1594 1116 1648; x_wconf 78' lang='lat' dir='ltr'><em>Longobardorum&#39;</em></span> <span class='ocrx_word' id='word_1_216' title='bbox 1139 1601 1175 1635; x_wconf 91' lang='lat' dir='ltr'><em>et</em></span> <span class='ocrx_word' id='word_1_217' title='bbox 1194 1595 1422 1636; x_wconf 78' lang='lat' dir='ltr'><em>Einhardi</em></span> <span class='ocrx_word' id='word_1_218' title='bbox 1449 1595 1541 1635; x_wconf 90' lang='lat' dir='ltr'><em>Vita</em></span> 
     </span>
     <span class='ocr_line' id='line_1_27' title="bbox 53 1649 1540 1704; baseline 0 -14"><span class='ocrx_word' id='word_1_219' title='bbox 53 1649 211 1691; x_wconf 78' lang='lat' dir='ltr'><em>Karoli</em></span> <span class='ocrx_word' id='word_1_220' title='bbox 239 1651 524 1691; x_wconf 85' lang='lat' dir='ltr'><em>continentur.</em></span> <span class='ocrx_word' id='word_1_221' title='bbox 588 1649 675 1696; x_wconf 82' lang='lat' dir='ltr'><em>Qui</em></span> <span class='ocrx_word' id='word_1_222' title='bbox 709 1650 934 1692; x_wconf 76' lang='lat' dir='ltr'><em>historiam</em></span> <span class='ocrx_word' id='word_1_223' title='bbox 966 1650 1085 1691; x_wconf 80' lang='lat' dir='ltr'><em>illam</em></span> <span class='ocrx_word' id='word_1_224' title='bbox 1115 1664 1167 1691; x_wconf 78' lang='lat' dir='ltr'><em>eoe</em></span> <span class='ocrx_word' id='word_1_225' title='bbox 1197 1650 1335 1691; x_wconf 79' lang='lat' dir='ltr'><em>Paulo</em></span> <span class='ocrx_word' id='word_1_226' title='bbox 1367 1664 1540 1704; x_wconf 69' lang='lat' dir='ltr'><em>ea&#39;cerp-</em></span> 
     </span>
     <span class='ocr_line' id='line_1_28' title="bbox 52 1705 1540 1758; baseline 0 -13"><span class='ocrx_word' id='word_1_227' title='bbox 52 1706 130 1746; x_wconf 81' lang='lat' dir='ltr'><em>sit3</em></span> <span class='ocrx_word' id='word_1_228' title='bbox 163 1705 221 1758; x_wconf 78' lang='lat' dir='ltr'><em>(I,</em></span> <span class='ocrx_word' id='word_1_229' title='bbox 246 1705 392 1745; x_wconf 84' lang='lat'><em>1—12.</em></span> <span class='ocrx_word' id='word_1_230' title='bbox 419 1706 593 1748; x_wconf 80' lang='lat'><em>14—16.</em></span> <span class='ocrx_word' id='word_1_231' title='bbox 615 1705 680 1745; x_wconf 92' lang='lat'><em>22.</em></span> <span class='ocrx_word' id='word_1_232' title='bbox 712 1711 749 1744; x_wconf 87' lang='lat' dir='ltr'><em>et</em></span> <span class='ocrx_word' id='word_1_233' title='bbox 789 1705 842 1746; x_wconf 89' lang='lat'><em>27</em></span> <span class='ocrx_word' id='word_1_234' title='bbox 879 1708 941 1747; x_wconf 88' lang='lat' dir='ltr'><em>in.</em></span> <span class='ocrx_word' id='word_1_235' title='bbox 979 1705 1045 1746; x_wconf 89' lang='lat'><em>25.</em></span> <span class='ocrx_word' id='word_1_236' title='bbox 1068 1705 1121 1746; x_wconf 86' lang='lat'><em>26</em></span> <span class='ocrx_word' id='word_1_237' title='bbox 1151 1707 1212 1746; x_wconf 92' lang='lat' dir='ltr'><em>in.</em></span> <span class='ocrx_word' id='word_1_238' title='bbox 1240 1705 1299 1757; x_wconf 87' lang='lat' dir='ltr'><em>II,</em></span> <span class='ocrx_word' id='word_1_239' title='bbox 1334 1706 1369 1745; x_wconf 89' lang='lat'><em>1.</em></span> <span class='ocrx_word' id='word_1_240' title='bbox 1391 1705 1540 1746; x_wconf 85' lang='grc'><strong>5-10.</strong></span> 
     </span>
     <span class='ocr_line' id='line_1_29' title="bbox 58 1759 1540 1816; baseline 0.001 -16"><span class='ocrx_word' id='word_1_241' title='bbox 58 1759 121 1800; x_wconf 88' lang='lat'><em>12.</em></span> <span class='ocrx_word' id='word_1_242' title='bbox 146 1761 321 1801; x_wconf 80' lang='lat'><em>14—25.</em></span> <span class='ocrx_word' id='word_1_243' title='bbox 343 1760 409 1801; x_wconf 88' lang='grc'><em>27.</em></span> <span class='ocrx_word' id='word_1_244' title='bbox 439 1761 491 1802; x_wconf 92' lang='grc'><em>28</em></span> <span class='ocrx_word' id='word_1_245' title='bbox 521 1763 581 1802; x_wconf 88' lang='lat' dir='ltr'><em>in.</em></span> <span class='ocrx_word' id='word_1_246' title='bbox 617 1760 683 1801; x_wconf 85' lang='lat'><em>32.</em></span> <span class='ocrx_word' id='word_1_247' title='bbox 716 1760 780 1812; x_wconf 82' lang='lat' dir='ltr'><em>VI,</em></span> <span class='ocrx_word' id='word_1_248' title='bbox 812 1760 866 1801; x_wconf 85' lang='lat'><em>35</em></span> <span class='ocrx_word' id='word_1_249' title='bbox 890 1767 1011 1816; x_wconf 77' lang='lat' dir='ltr'><em>part.</em></span> <span class='ocrx_word' id='word_1_250' title='bbox 1034 1760 1087 1801; x_wconf 92' lang='lat'><em>22</em></span> <span class='ocrx_word' id='word_1_251' title='bbox 1109 1767 1231 1815; x_wconf 75' lang='lat' dir='ltr'><em>part.</em></span> <span class='ocrx_word' id='word_1_252' title='bbox 1257 1761 1306 1801; x_wconf 87' lang='lat'><em>16</em></span> <span class='ocrx_word' id='word_1_253' title='bbox 1333 1767 1452 1815; x_wconf 78' lang='lat' dir='ltr'><em>part.</em></span> <span class='ocrx_word' id='word_1_254' title='bbox 1475 1761 1540 1801; x_wconf 83' lang='lat'><em>23.</em></span> 
     </span>
     <span class='ocr_line' id='line_1_30' title="bbox 53 1815 1540 1872; baseline 0 -16"><span class='ocrx_word' id='word_1_255' title='bbox 53 1815 118 1856; x_wconf 86' lang='lat'><em>37.</em></span> <span class='ocrx_word' id='word_1_256' title='bbox 140 1815 206 1856; x_wconf 86' lang='lat'><em>28.</em></span> <span class='ocrx_word' id='word_1_257' title='bbox 228 1816 294 1857; x_wconf 80' lang='lat'><em>38.</em></span> <span class='ocrx_word' id='word_1_258' title='bbox 316 1816 383 1856; x_wconf 84' lang='lat'><em>42.</em></span> <span class='ocrx_word' id='word_1_259' title='bbox 405 1817 472 1857; x_wconf 89' lang='grc'><strong>53.</strong></span> <span class='ocrx_word' id='word_1_260' title='bbox 493 1817 559 1858; x_wconf 90' lang='grc'><strong>45.</strong></span> <span class='ocrx_word' id='word_1_261' title='bbox 581 1817 635 1858; x_wconf 85' lang='grc'><em>54</em></span> <span class='ocrx_word' id='word_1_262' title='bbox 655 1818 718 1857; x_wconf 88' lang='lat' dir='ltr'><em>in.</em></span> <span class='ocrx_word' id='word_1_263' title='bbox 738 1817 805 1857; x_wconf 87' lang='grc'><strong>48.</strong></span> <span class='ocrx_word' id='word_1_264' title='bbox 827 1816 882 1857; x_wconf 89' lang='grc'><em>54</em></span> <span class='ocrx_word' id='word_1_265' title='bbox 904 1823 1026 1872; x_wconf 74' lang='lat' dir='ltr'><em>part.</em></span> <span class='ocrx_word' id='word_1_266' title='bbox 1048 1816 1114 1858; x_wconf 89' lang='lat'><em>55.</em></span> <span class='ocrx_word' id='word_1_267' title='bbox 1136 1816 1202 1857; x_wconf 88' lang='lat'><em>56.</em></span> <span class='ocrx_word' id='word_1_268' title='bbox 1224 1816 1291 1857; x_wconf 87' lang='lat'><em>57.</em></span> <span class='ocrx_word' id='word_1_269' title='bbox 1313 1817 1365 1857; x_wconf 89' lang='grc'><em>58</em></span> <span class='ocrx_word' id='word_1_270' title='bbox 1380 1819 1540 1871; x_wconf 70' lang='lat' dir='ltr'><em>part),</em></span> 
     </span>
     <span class='ocr_line' id='line_1_31' title="bbox 53 1871 779 1926; baseline -0.001 -14"><span class='ocrx_word' id='word_1_271' title='bbox 53 1871 185 1926; x_wconf 80' lang='lat' dir='ltr'><em>hujus</em></span> <span class='ocrx_word' id='word_1_272' title='bbox 216 1871 369 1913; x_wconf 82' lang='lat' dir='ltr'><em>classis</em></span> <span class='ocrx_word' id='word_1_273' title='bbox 400 1873 542 1914; x_wconf 87' lang='lat' dir='ltr'><em>codice</em></span> <span class='ocrx_word' id='word_1_274' title='bbox 572 1887 678 1914; x_wconf 86' lang='lat' dir='ltr'><em>usus</em></span> <span class='ocrx_word' id='word_1_275' title='bbox 709 1879 779 1913; x_wconf 86' lang='lat' dir='ltr'><em>est.</em></span> 
     </span>
    </p>

    <p class='ocr_par' dir='ltr' id='par_1_5' title="bbox 37 1926 1544 2203">
     <span class='ocr_line' id='line_1_32' title="bbox 163 1926 1541 1985; baseline -0.001 -16"><span class='ocrx_word' id='word_1_276' title='bbox 163 1926 252 1985; x_wconf 86' lang='lat'><em>(61)</em></span> <span class='ocrx_word' id='word_1_277' title='bbox 274 1928 392 1968; x_wconf 70' lang='lat' dir='ltr'><em>F3a.</em></span> <span class='ocrx_word' id='word_1_278' title='bbox 422 1929 706 1969; x_wconf 77' lang='lat' dir='ltr'><em>Romanus</em></span> <span class='ocrx_word' id='word_1_279' title='bbox 732 1927 1263 1980; x_wconf 77' lang='lat' dir='ltr'><em>CasanatensisAII,</em></span> <span class='ocrx_word' id='word_1_280' title='bbox 1285 1929 1351 1979; x_wconf 83' lang='lat'><em>34,</em></span> <span class='ocrx_word' id='word_1_281' title='bbox 1373 1927 1541 1968; x_wconf 87' lang='lat' dir='ltr'><em>membr.</em></span> 
     </span>
     <span class='ocr_line' id='line_1_33' title="bbox 37 1981 1539 2038; baseline -0.001 -14"><span class='ocrx_word' id='word_1_282' title='bbox 37 1981 125 2035; x_wconf 75' lang='lat' dir='ltr'><em>fol.</em></span> <span class='ocrx_word' id='word_1_283' title='bbox 156 1997 189 2023; x_wconf 87' lang='lat' dir='ltr'><em>s.</em></span> <span class='ocrx_word' id='word_1_284' title='bbox 220 1983 344 2034; x_wconf 88' lang='lat' dir='ltr'><em>XIV,</em></span> <span class='ocrx_word' id='word_1_285' title='bbox 377 1990 479 2038; x_wconf 79' lang='lat' dir='ltr'><em>post</em></span> <span class='ocrx_word' id='word_1_286' title='bbox 513 1984 758 2025; x_wconf 72' lang='lat' dir='ltr'><em>IVIartinum</em></span> <span class='ocrx_word' id='word_1_287' title='bbox 796 1983 1009 2025; x_wconf 79' lang='lat' dir='ltr'><em>Polonum</em></span> <span class='ocrx_word' id='word_1_288' title='bbox 1047 1990 1084 2024; x_wconf 90' lang='lat' dir='ltr'><em>et</em></span> <span class='ocrx_word' id='word_1_289' title='bbox 1121 1983 1255 2025; x_wconf 76' lang='lat' dir='ltr'><em>aliam</em></span> <span class='ocrx_word' id='word_1_290' title='bbox 1294 1984 1539 2025; x_wconf 85' lang='lat' dir='ltr'><em>chronicam</em></span> 
     </span>
     <span class='ocr_line' id='line_1_34' title="bbox 49 2039 1544 2094; baseline 0.001 -16"><span class='ocrx_word' id='word_1_291' title='bbox 49 2039 176 2079; x_wconf 82' lang='lat' dir='ltr'><em>etiam</em></span> <span class='ocrx_word' id='word_1_292' title='bbox 195 2039 411 2091; x_wconf 81' lang='lat' dir='ltr'><em>Daretem,</em></span> <span class='ocrx_word' id='word_1_293' title='bbox 432 2040 652 2094; x_wconf 72' lang='lat' dir='ltr'><em>Excerpta</em></span> <span class='ocrx_word' id='word_1_294' title='bbox 673 2040 880 2080; x_wconf 85' lang='lat' dir='ltr'><em>historiae</em></span> <span class='ocrx_word' id='word_1_295' title='bbox 898 2039 1304 2094; x_wconf 69' lang='lat' dir='ltr'><em>Lanyobardorum,</em></span> <span class='ocrx_word' id='word_1_296' title='bbox 1320 2040 1377 2080; x_wconf 87' lang='lat' dir='ltr'><em>Ei</em></span> <span class='ocrx_word' id='word_1_297' title='bbox 1382 2039 1544 2080; x_wconf 84' lang='lat' dir='ltr'><em>nhardi</em></span> 
     </span>
     <span class='ocr_line' id='line_1_35' title="bbox 57 2093 1541 2151; baseline 0 -17"><span class='ocrx_word' id='word_1_298' title='bbox 57 2093 191 2135; x_wconf 87' lang='lat' dir='ltr'><em>Vitam</em></span> <span class='ocrx_word' id='word_1_299' title='bbox 211 2094 380 2147; x_wconf 78' lang='lat' dir='ltr'><em>Karoli,</em></span> <span class='ocrx_word' id='word_1_300' title='bbox 402 2110 567 2136; x_wconf 85' lang='lat' dir='ltr'><em>necnon</em></span> <span class='ocrx_word' id='word_1_301' title='bbox 593 2095 982 2151; x_wconf 70' lang='lat' dir='ltr'><em>Cosmoyraphiam</em></span> <span class='ocrx_word' id='word_1_302' title='bbox 1003 2095 1137 2136; x_wconf 85' lang='lat' dir='ltr'><em>habet.</em></span> <span class='ocrx_word' id='word_1_303' title='bbox 1183 2095 1304 2142; x_wconf 79' lang='lat' dir='ltr'><em>Quae</em></span> <span class='ocrx_word' id='word_1_304' title='bbox 1333 2110 1402 2136; x_wconf 86' lang='lat' dir='ltr'><em>ma</em></span> <span class='ocrx_word' id='word_1_305' title='bbox 1408 2109 1541 2150; x_wconf 67' lang='lat' dir='ltr'><em>ynam</em></span> 
     </span>
     <span class='ocr_line' id='line_1_36' title="bbox 43 2151 942 2203; baseline 0.001 -14"><span class='ocrx_word' id='word_1_306' title='bbox 43 2156 216 2203; x_wconf 77' lang='lat' dir='ltr'><em>partem</em></span> <span class='ocrx_word' id='word_1_307' title='bbox 246 2165 298 2191; x_wconf 74' lang='lat' dir='ltr'><em>eoe</em></span> <span class='ocrx_word' id='word_1_308' title='bbox 327 2151 369 2190; x_wconf 88' lang='lat' dir='ltr'><em>F</em></span> <span class='ocrx_word' id='word_1_309' title='bbox 381 2151 407 2191; x_wconf 88' lang='grc'><strong>3</strong></span> <span class='ocrx_word' id='word_1_310' title='bbox 437 2157 579 2192; x_wconf 87' lang='lat' dir='ltr'><em>sumta</em></span> <span class='ocrx_word' id='word_1_311' title='bbox 609 2166 695 2192; x_wconf 87' lang='lat' dir='ltr'><em>esse</em></span> <span class='ocrx_word' id='word_1_312' title='bbox 726 2151 942 2192; x_wconf 82' lang='lat' dir='ltr'><em>videntur.</em></span> 
     </span>
    </p>

    <p class='ocr_par' dir='ltr' id='par_1_6' title="bbox 50 2204 1535 2427">
     <span class='ocr_line' id='line_1_37' title="bbox 162 2204 1529 2261; baseline -0.001 -15"><span class='ocrx_word' id='word_1_313' title='bbox 162 2204 252 2261; x_wconf 88' lang='lat'><em>(62)</em></span> <span class='ocrx_word' id='word_1_314' title='bbox 282 2206 406 2247; x_wconf 75' lang='lat' dir='ltr'><em>F3b.</em></span> <span class='ocrx_word' id='word_1_315' title='bbox 475 2206 776 2248; x_wconf 88' lang='lat' dir='ltr'><em>Vaticanus</em></span> <span class='ocrx_word' id='word_1_316' title='bbox 804 2207 887 2248; x_wconf 92' lang='lat' dir='ltr'><em>Nr.</em></span> <span class='ocrx_word' id='word_1_317' title='bbox 918 2206 1048 2258; x_wconf 81' lang='grc'><strong>8086,</strong></span> <span class='ocrx_word' id='word_1_318' title='bbox 1090 2206 1224 2248; x_wconf 87' lang='lat' dir='ltr'><em>chart.</em></span> <span class='ocrx_word' id='word_1_319' title='bbox 1254 2205 1294 2257; x_wconf 90' lang='grc'><em>4,</em></span> <span class='ocrx_word' id='word_1_320' title='bbox 1337 2221 1375 2248; x_wconf 90' lang='lat' dir='ltr'><em>a.</em></span> <span class='ocrx_word' id='word_1_321' title='bbox 1410 2205 1529 2246; x_wconf 83' lang='grc'><strong>1488.</strong></span> 
     </span>
     <span class='ocr_line' id='line_1_38' title="bbox 50 2259 1533 2315; baseline 0.001 -16"><span class='ocrx_word' id='word_1_322' title='bbox 50 2259 258 2302; x_wconf 84' lang='lat' dir='ltr'><em>Perusiae</em></span> <span class='ocrx_word' id='word_1_323' title='bbox 297 2268 525 2315; x_wconf 73' lang='lat' dir='ltr'><em>exaratus,</em></span> <span class='ocrx_word' id='word_1_324' title='bbox 565 2263 640 2303; x_wconf 88' lang='lat' dir='ltr'><em>ubi</em></span> <span class='ocrx_word' id='word_1_325' title='bbox 675 2264 789 2304; x_wconf 82' lang='lat' dir='ltr'><em>inter</em></span> <span class='ocrx_word' id='word_1_326' title='bbox 835 2263 929 2303; x_wconf 79' lang='lat' dir='ltr'><em>alia</em></span> <span class='ocrx_word' id='word_1_327' title='bbox 965 2261 1101 2303; x_wconf 80' lang='lat' dir='ltr'><em>multa</em></span> <span class='ocrx_word' id='word_1_328' title='bbox 1138 2261 1317 2303; x_wconf 77' lang='lat' dir='ltr'><em>aliunde</em></span> <span class='ocrx_word' id='word_1_329' title='bbox 1362 2260 1533 2302; x_wconf 77' lang='lat' dir='ltr'><em>collecta</em></span> 
     </span>
     <span class='ocr_line' id='line_1_39' title="bbox 52 2315 1535 2373; baseline 0.001 -19"><span class='ocrx_word' id='word_1_330' title='bbox 52 2315 236 2356; x_wconf 84' lang='lat' dir='ltr'><em>historia</em></span> <span class='ocrx_word' id='word_1_331' title='bbox 265 2315 344 2357; x_wconf 76' lang='lat' dir='ltr'><em>illa</em></span> <span class='ocrx_word' id='word_1_332' title='bbox 373 2317 766 2372; x_wconf 54' lang='lat' dir='ltr'><em>Lanqobardmwwn</em></span> <span class='ocrx_word' id='word_1_333' title='bbox 805 2325 842 2358; x_wconf 89' lang='lat' dir='ltr'><em>et</em></span> <span class='ocrx_word' id='word_1_334' title='bbox 879 2318 1104 2373; x_wconf 64' lang='lat' dir='ltr'><em>catalogus</em></span> <span class='ocrx_word' id='word_1_335' title='bbox 1140 2319 1449 2371; x_wconf 72' lang='lat' dir='ltr'><em>imperatorum</em></span> <span class='ocrx_word' id='word_1_336' title='bbox 1491 2317 1535 2356; x_wconf 82' lang='lat' dir='ltr'><em>in</em></span> 
     </span>
     <span class='ocr_line' id='line_1_40' title="bbox 51 2370 1444 2427; baseline 0 -16"><span class='ocrx_word' id='word_1_337' title='bbox 51 2371 94 2411; x_wconf 87' lang='lat' dir='ltr'><em>F</em></span> <span class='ocrx_word' id='word_1_338' title='bbox 107 2371 132 2412; x_wconf 88' lang='grc'><strong>3</strong></span> <span class='ocrx_word' id='word_1_339' title='bbox 162 2371 209 2411; x_wconf 90' lang='lat' dir='ltr'><em>in</em></span> <span class='ocrx_word' id='word_1_340' title='bbox 240 2370 353 2412; x_wconf 79' lang='lat' dir='ltr'><em>calce</em></span> <span class='ocrx_word' id='word_1_341' title='bbox 383 2373 589 2414; x_wconf 83' lang='lat' dir='ltr'><em>historiae</em></span> <span class='ocrx_word' id='word_1_342' title='bbox 618 2374 843 2415; x_wconf 79' lang='lat' dir='ltr'><em>Romanae</em></span> <span class='ocrx_word' id='word_1_343' title='bbox 876 2373 1053 2414; x_wconf 88' lang='lat' dir='ltr'><em>additus</em></span> <span class='ocrx_word' id='word_1_344' title='bbox 1084 2379 1184 2413; x_wconf 88' lang='lat' dir='ltr'><em>sunt</em></span> <span class='ocrx_word' id='word_1_345' title='bbox 1213 2373 1444 2427; x_wconf 73' lang='lat' dir='ltr'><em>descripta.</em></span> 
     </span>
    </p>

    <p class='ocr_par' dir='ltr' id='par_1_7' title="bbox 54 2426 1662 2580">
     <span class='ocr_line' id='line_1_41' title="bbox 166 2426 1662 2483; baseline 0.001 -17"><span class='ocrx_word' id='word_1_346' title='bbox 166 2426 283 2483; x_wconf 79' lang='lat'>*(63)</span> <span class='ocrx_word' id='word_1_347' title='bbox 314 2426 407 2467; x_wconf 83' lang='lat' dir='ltr'><em>F4.</em></span> <span class='ocrx_word' id='word_1_348' title='bbox 477 2427 776 2470; x_wconf 83' lang='lat' dir='ltr'><em>Vaticanus</em></span> <span class='ocrx_word' id='word_1_349' title='bbox 806 2429 1102 2469; x_wconf 76' lang='lat' dir='ltr'><em>Palatinus</em></span> <span class='ocrx_word' id='word_1_350' title='bbox 1131 2429 1212 2468; x_wconf 91' lang='lat' dir='ltr'><em>Nr.</em></span> <span class='ocrx_word' id='word_1_351' title='bbox 1244 2427 1338 2479; x_wconf 82' lang='grc'><strong>927,</strong></span> <span class='ocrx_word' id='word_1_352' title='bbox 1369 2427 1662 2474; x_wconf 79' lang='lat' dir='ltr'><em>membr.&#39;p.37.</em></span> 
     </span>
     <span class='ocr_line' id='line_1_42' title="bbox 54 2482 1539 2537; baseline 0.001 -16"><span class='ocrx_word' id='word_1_353' title='bbox 54 2497 94 2522; x_wconf 90' lang='lat' dir='ltr'><em>a.</em></span> <span class='ocrx_word' id='word_1_354' title='bbox 127 2482 246 2523; x_wconf 84' lang='lat'><em>1181.</em></span> <span class='ocrx_word' id='word_1_355' title='bbox 287 2484 335 2524; x_wconf 82' lang='lat' dir='ltr'><em>in</em></span> <span class='ocrx_word' id='word_1_356' title='bbox 374 2485 634 2524; x_wconf 80' lang='lat' dir='ltr'><em>monasterio</em></span> <span class='ocrx_word' id='word_1_357' title='bbox 676 2483 723 2525; x_wconf 78' lang='lat' dir='ltr'><em>S.</em></span> <span class='ocrx_word' id='word_1_358' title='bbox 757 2485 987 2525; x_wconf 75' lang='lat' dir='ltr'><em>Trinitatis</em></span> <span class='ocrx_word' id='word_1_359' title='bbox 1018 2484 1180 2524; x_wconf 79' lang='lat' dir='ltr'><em>M‘ontis</em></span> <span class='ocrx_word' id='word_1_360' title='bbox 1219 2483 1375 2523; x_wconf 77' lang='lat' dir='ltr'><em>Oliveti</em></span> <span class='ocrx_word' id='word_1_361' title='bbox 1396 2497 1539 2537; x_wconf 70' lang='lat' dir='ltr'><em>prope</em></span> 
     </span>
     <span class='ocr_line' id='line_1_43' title="bbox 60 2537 1537 2580; baseline -0.001 -1"><span class='ocrx_word' id='word_1_362' title='bbox 60 2537 269 2580; x_wconf 82' lang='lat' dir='ltr'><em>Veronam</em></span> <span class='ocrx_word' id='word_1_363' title='bbox 305 2553 398 2580; x_wconf 88' lang='lat' dir='ltr'><em>una</em></span> <span class='ocrx_word' id='word_1_364' title='bbox 435 2554 570 2579; x_wconf 81' lang='lat' dir='ltr'><em>manu</em></span> <span class='ocrx_word' id='word_1_365' title='bbox 608 2541 816 2580; x_wconf 87' lang='lat' dir='ltr'><em>continua</em></span> <span class='ocrx_word' id='word_1_366' title='bbox 857 2545 1079 2580; x_wconf 72' lang='lat' dir='ltr'><em>esca-ratus.</em></span> <span class='ocrx_word' id='word_1_367' title='bbox 1143 2538 1275 2579; x_wconf 78' lang='lat' dir='ltr'><em>Pauli</em></span> <span class='ocrx_word' id='word_1_368' title='bbox 1312 2539 1537 2578; x_wconf 78' lang='lat' dir='ltr'><em>historiam</em></span> 
     </span>
    </p>
   </div>
   <div class='ocr_carea' id='block_1_3' title="bbox 50 2668 1534 2809">
    <p class='ocr_par' dir='ltr' id='par_1_8' title="bbox 50 2668 1534 2809">
     <span class='ocr_line' id='line_1_44' title="bbox 55 2668 1534 2713; baseline 0 -13"><span class='ocrx_word' id='word_1_369' title='bbox 55 2670 88 2709; x_wconf 90' lang='lat'><em>1)</em></span> <span class='ocrx_word' id='word_1_370' title='bbox 119 2669 306 2713; x_wconf 72' lang='lat' dir='ltr'><em>Cataioyus</em></span> <span class='ocrx_word' id='word_1_371' title='bbox 332 2668 390 2702; x_wconf 75' lang='lat' dir='ltr'><em>ille</em></span> <span class='ocrx_word' id='word_1_372' title='bbox 410 2670 457 2702; x_wconf 82' lang='lat' dir='ltr'><em>ad</em></span> <span class='ocrx_word' id='word_1_373' title='bbox 476 2670 548 2711; x_wconf 82' lang='lat' dir='ltr'><em>ejus</em></span> <span class='ocrx_word' id='word_1_374' title='bbox 567 2669 724 2701; x_wconf 75' lang='lat' dir='ltr'><em>notitiam</em></span> <span class='ocrx_word' id='word_1_375' title='bbox 750 2681 818 2702; x_wconf 79' lang='lat' dir='ltr'><em>non</em></span> <span class='ocrx_word' id='word_1_376' title='bbox 840 2670 942 2702; x_wconf 72' lang='lat' dir='ltr'><em>venit.</em></span> <span class='ocrx_word' id='word_1_377' title='bbox 1044 2670 1081 2710; x_wconf 72' lang='grc'><em>2)</em></span> <span class='ocrx_word' id='word_1_378' title='bbox 1110 2669 1154 2701; x_wconf 82' lang='lat' dir='ltr'><em>In</em></span> <span class='ocrx_word' id='word_1_379' title='bbox 1174 2675 1362 2712; x_wconf 63' lang='lat' dir='ltr'><em>tegumento</em></span> <span class='ocrx_word' id='word_1_380' title='bbox 1392 2670 1534 2711; x_wconf 38' lang='lat' dir='ltr'><em>Ie-qitur:</em></span> 
     </span>
     <span class='ocr_line' id='line_1_45' title="bbox 52 2717 1533 2761; baseline -0.001 -12"><span class='ocrx_word' id='word_1_381' title='bbox 52 2719 104 2750; x_wconf 87' lang='lat' dir='ltr'><em>Ex</em></span> <span class='ocrx_word' id='word_1_382' title='bbox 130 2718 228 2751; x_wconf 80' lang='lat' dir='ltr'><em>libris</em></span> <span class='ocrx_word' id='word_1_383' title='bbox 263 2718 512 2761; x_wconf 79' lang='lat' dir='ltr'><em>hystorialibus</em></span> <span class='ocrx_word' id='word_1_384' title='bbox 541 2718 634 2761; x_wconf 79' lang='lat' dir='ltr'><em>pul¹0</em></span> <span class='ocrx_word' id='word_1_385' title='bbox 664 2719 695 2751; x_wconf 84' lang='lat'><em>6.</em></span> <span class='ocrx_word' id='word_1_386' title='bbox 797 2719 835 2759; x_wconf 89' lang='grc'><em>3)</em></span> <span class='ocrx_word' id='word_1_387' title='bbox 863 2717 908 2750; x_wconf 78' lang='lat' dir='ltr'><em>Id</em></span> <span class='ocrx_word' id='word_1_388' title='bbox 943 2718 1035 2760; x_wconf 79' lang='lat' dir='ltr'><em>quod</em></span> <span class='ocrx_word' id='word_1_389' title='bbox 1071 2717 1107 2750; x_wconf 79' lang='lat' dir='ltr'><em>in</em></span> <span class='ocrx_word' id='word_1_390' title='bbox 1139 2720 1212 2760; x_wconf 74' lang='lat' dir='ltr'><em>sine</em></span> <span class='ocrx_word' id='word_1_391' title='bbox 1242 2722 1359 2760; x_wconf 75' lang='lat' dir='ltr'><em>aperte</em></span> <span class='ocrx_word' id='word_1_392' title='bbox 1386 2719 1533 2750; x_wconf 74' lang='lat' dir='ltr'><em>dicitur:</em></span> 
     </span>
     <span class='ocr_line' id='line_1_46' title="bbox 50 2765 1534 2809; baseline 0.001 -12"><span class='ocrx_word' id='word_1_393' title='bbox 50 2765 206 2809; x_wconf 82' lang='lat' dir='ltr'><em>Explicit</em></span> <span class='ocrx_word' id='word_1_394' title='bbox 233 2771 404 2800; x_wconf 83' lang='lat' dir='ltr'><em>tractatus</em></span> <span class='ocrx_word' id='word_1_395' title='bbox 432 2767 475 2799; x_wconf 87' lang='lat' dir='ltr'><em>de</em></span> <span class='ocrx_word' id='word_1_396' title='bbox 502 2766 591 2799; x_wconf 84' lang='lat' dir='ltr'><em>libro</em></span> <span class='ocrx_word' id='word_1_397' title='bbox 617 2768 746 2809; x_wconf 83' lang='lat' dir='ltr'><em>ystorie</em></span> <span class='ocrx_word' id='word_1_398' title='bbox 767 2766 1082 2809; x_wconf 79' lang='lat' dir='ltr'><em>Langobardorum</em></span> <span class='ocrx_word' id='word_1_399' title='bbox 1111 2768 1310 2799; x_wconf 85' lang='lat' dir='ltr'><em>summatim</em></span> <span class='ocrx_word' id='word_1_400' title='bbox 1338 2772 1534 2800; x_wconf 77' lang='lat' dir='ltr'><em>extractus.</em></span> 
     </span>
    </p>
   </div>
   <div class='ocr_carea' id='block_1_4' title="bbox 1178 2834 1221 2865">
    <p class='ocr_par' dir='ltr' id='par_1_9' title="bbox 1178 2834 1221 2865">
     <span class='ocr_line' id='line_1_47' title="bbox 1178 2834 1221 2865; baseline 0 -19"><span class='ocrx_word' id='word_1_401' title='bbox 1178 2834 1221 2865; x_wconf 76' lang='lat'><em>3.</em></span> 
     </span>
    </p>
   </div>
  </div>
 </body>
</html>
