1852 3141
189 225 238 260 ,ρ’

266 228 309 253 93,

241 354 307 379 574.

326 101 389 131 112
516 99 659 132 PAULI
688 98 914 131 HISTORIA
942 95 1384 129 LANGOBARDORUM.
1438 95 1529 128 LIB.
1558 95 1626 127 ΙΙΙ.

398 212 672 261 'INCIPIT
708 209 1078 259 HISTORIAE
1114 208 1732 258 LANGOBARDORUM

789 276 990 324 LIBER
1025 276 1327 325 TERTIUS.

436 347 470 385 1.
529 344 688 398 Igitur¹
731 341 934 396 aliquanti
977 356 1031 381 ex
1069 341 1248 382 ducibus
1285 341 1659 396 Langobardorum
1701 355 1796 380 011111

322 400 459 441 valido
491 399 677 440 exercitu
709 397 866 439 Gallias
895 396 1199 450 ingrediuntur.
1257 397 1449 437 1101111112
1480 396 1705 438 adventum
1737 397 1801 436 vir

320 457 400 498 Dei
423 455 657 511 Hospitius,
681 455 752 509 qui
774 460 877 509 aput
887 457 920 479 ³*
942 453 1140 494 Niceam³
1163 459 1251 494 erat
1272 451 1482 493 inclausus
1493 460 1520 504 ²¹,
1552 459 1695 493 sancto
1717 451 1798 492 sibi

319 511 528 552 revelante
567 510 740 565 Spiritu,
785 509 908 565 longe
952 516 1047 550 ante
1091 508 1298 563 praevidit
1342 508 1638 563 eiusdemqueb
1684 508 1800 549 urbis

321 567 496 619 civibus,
537 581 644 623 quac
684 565 793 606 mala
830 566 1092 618 imninerent,
1133 564 1384 620 praedixitb.
1447 563 1551 604 Erat
1589 564 1697 604 onim
1737 564 1801 603 vir

321 624 397 664 istc
428 637 606 678 magnae
637 620 914 662 abstinentiae
946 628 985 662 et
1016 620 1246 676 probabilis
1276 621 1402 673 vita03
1442 620 1513 675 qui
1553 619 1799 659 constrictus

321 679 400 720 ad⁴3
431 693 599 719 carnem
623 677 808 719 cathenis
839 677 996 729 ferreis,
1027 677 1172 718 induto
1195 677 1377 732 desuper
1399 677 1545 729 cilicio,
1577 676 1664 717 solo
1693 689 1799 731 pane

322 736 364 775 in
405 735 498 776 cibo
537 749 632 775 cum
668 734 814 789 paucis
852 733 1056 774 daetulisd
1088 733 1296 774 utebatur.
1356 733 1405 773 In
1445 732 1594 773 diebus
1634 739 1800 773 auteme

324 790 671 847 quadragesimae
693 789 904 831 radicibus
926 788 1151 830 herbarum
1168 788 1490 844 Aegyptiarum,
1512 787 1665 844 quibus
1686 787 1802 829 here-

323 847 448 888 mitae
478 853 663 897 utuntur,
695 845 961 887 exibentibus
992 845 1071 886 sibi
1097 843 1440 899 negotiatoribus,
1471 843 1673 886 alebatur.
1723 844 1804 885 Per

324 903 435 943 hunc
472 903 683 943 Dominus
720 915 894 956 magnas
931 901 1105 942 virtutes
1143 901 1307 956 operari
1344 900 1541 953 dignatus
1580 907 1654 952 est,
1695 915 1802 955 quae

327 959 507 1014 scriptae
547 958 753 1000 habentur
792 958 834 997 in
874 956 992 997 libris
1032 956 1283 997 venerabilis
1321 952 1408 997 viri*
1440 956 1635 1011 Gregorii
1672 956 1803 997 Turo-

324 1014 489 1055 nensiss
525 1014 726 1069 episcopi.
785 1013 920 1068 Igitur
955 1013 1018 1054 vir
1057 1013 1133 1053 istc
1173 1017 1340 1053 sanctus
1376 1012 1603 1053 adventum
1639 1011 1805 1066 Lango-

325 1070 550 1111 bardorum
589 1071 630 1110 in
662 1068 819 1110 Gallias
849 1069 927 1109 hoc
960 1069 1084 1109 modo
1122 1068 1353 1123 praedixit:
1393 1068 1610 1121 ‘Venient',
1641 1067 1802 1123 inquid,

326 1125 606 1181 ‘Langobardi
646 1126 688 1165 in
725 1124 882 1165 Gallias
923 1131 963 1166 et
1000 1124 1279 1166 devastabunt
1316 1125 1503 1165 civitates
1544 1131 1716 1179 septem,
1755 1137 1803 1164 eo

326 1181 438 1236 quod
478 1181 702 1222 increverit
740 1179 898 1221 malitia
940 1194 1082 1221 eorum
1124 1181 1166 1220 in
1207 1187 1433 1235 conspectu
1472 1180 1659 1220 Domini.
1729 1179 1805 1221 Est

326 1239 436 1278 enim
474 1237 605 1277 omnis
652 1235 830 1291 populus
870 1236 1063 1290 periuriis
1094 1235 1280 1287 deditus,
1321 1235 1441 1276 furtis
1473 1236 1701 1286 obnoxius,
1742 1250 1804 1276 ra-

326 1293 433 1347 pinis
472 1293 676 1344 intentus,
718 1291 955 1332 homicidiis
995 1298 1269 1346 prumptusg3
1315 1292 1355 1331 in
1401 1290 1552 1347 quibus
1591 1291 1702 1332 1101111
1744 1297 1807 1332 est

326 1349 508 1390 iustitiae
547 1348 726 1389 fructus:
771 1361 853 1387 non
894 1347 1080 1388 decimae
1117 1347 1289 1399 dantur,
1340 1362 1425 1388 non
1459 1362 1622 1403 pauper
1658 1346 1804 1400 alitur,

326 1419 409 1446 non
440 1405 594 1459 tegitur
623 1404 774 1456 nudus,
805 1418 888 1444 non
915 1403 1142 1458 suscipitur
1172 1403 1352 1458 hospitio
1387 1405 1645 1458 peregrinus.
1705 1402 1806 1444 Ideo

326 1460 429 1502 haec
470 1460 621 1516 plaga⁴
662 1465 838 1500 ventura
874 1467 936 1501 cst
973 1473 1099 1514 super
1135 1459 1337 1514 populum
1381 1458 1530 1500 istum’.
1588 1457 1806 1499 Monachis

329 1531 495 1572 quoque
525 1516 610 1557 suis
652 1515 904 1570 Jraecipiens
934 1515 1061 1555 dixit:
1096 1514 1335 1556 ‘Abscedite
1367 1521 1407 1556 01
1434 1529 1509 1555 vos
1539 1528 1564 1554 a
1592 1514 1684 1556 loco
1715 1515 1808 1568 isto,

327 1572 559 1614 auferentes
590 1531 809 1613 vobiscum
840 1572 970 1626 quaei
1002 1570 1176 1614 habetis,
1236 1571 1348 1612 Ecce
1383 1571 1494 1611 enim
1524 1586 1627 1626 gens
1657 1584 1808 1625 appro-

328 1629 442 1684 piatk
485 1642 611 1683 quam
651 1627 868 1683 praedixi'.
926 1626 1179 1668 Dicentibus
1220 1634 1359 1667 autem
1398 1625 1495 1666 illis:
1541 1626 1647 1667 ‘Non
1685 1625 1807 1666 relin-

329 1685 508 1739 qui1nus¹
550 1691 602 1735 10,
642 1683 905 1724 sanctissime
941 1683 1083 1737 pater’,
1123 1682 1198 1722 ait:
1237 1682 1387 1723 ‘Nolite
1426 1683 1571 1723 timere
1611 1696 1686 1736 pro
1726 1695 1807 1722 me.

328 1741 533 1781 Futurum
565 1746 628 1780 est
658 1739 782 1791 enim,
821 1745 867 1779 ut
906 1738 1084 1778 inferant
1123 1737 1223 1777 mihi
1253 1738 1438 1790 iniurias,
1470 1737 1543 1778 scd
1573 1752 1656 1777 non
1686 1751 1807 1778 noce-

328 1795 432 1837 bunt
462 1809 595 1850 usque
625 1794 678 1835 ad
708 1795 908 1835 mortem',

441 1851 478 1891 2.
537 1848 897 1891 Discedentibus⁵
942 1856 1081 1890 autem
1118 1848 1345 1900 monachis,
1387 1849 1558 1890 advenit
1598 1849 1806 1890 exercitus

329 1905 708 1961 Langobardorum
719 1913 746 1945 6.
812 1905 896 1957 Qui
929 1904 1027 1945 dum
1068 1911 1219 1945 cuncta
1253 1919 1360 1960 quae
1395 1911 1637 1960 reppererat
1673 1910 1807 1945 vasta-

331 2073 372 2106 a')
396 2074 475 2105 apud
508 2074 532 2098 A
557 2074 581 2100 1.
602 2073 624 2097 F
650 2075 660 2098 1
686 2080 909 2105 nonnumquam.
1028 2072 1056 2105 a)
1082 2073 1217 2098 inclusus
1251 2072 1274 2097 A
1298 2070 1336 2097 ‘2.
1361 2074 1388 2098 5.
1421 2074 1447 2097 D
1472 2073 1497 2097 3.
1530 2073 1591 2099 F3.
1614 2072 1640 2098 5.
1675 2071 1699 2096 G
1723 2072 1768 2097 5a.
1780 2071 1807 2096 b.

331 2113 397 2139 Hi.
419 2114 431 2137 1
456 2114 480 2138 1.
508 2113 533 2138 2.
556 2113 582 2137 3.
655 2112 684 2145 b)
709 2113 744 2138 ei.
770 2128 803 2131 —
825 2112 977 2144 praedixit
1007 2113 1061 2138 [les.
1087 2112 1112 2137 G
1138 2114 1149 2136 1
1174 2112 1249 2144 (post
1270 2111 1387 2144 smppl.).
1410 2113 1436 2137 2.
1460 2112 1506 2137 521.
1531 2112 1558 2136 b.
1582 2119 1605 2136 c.
1687 2110 1714 2142 0)
1738 2111 1809 2135 deest

332 2152 364 2178 C.
386 2153 423 2177 D.
447 2166 480 2171 —
505 2158 626 2176 carnem
657 2159 732 2176 corr.
765 2159 853 2177 carne
886 2152 912 2176 D
938 2153 962 2183 1,
995 2155 1017 2175 ει
1051 2152 1091 2175 ita
1121 2152 1203 2175 ceteri
1234 2152 1259 2176 D
1295 2155 1317 2175 et
1350 2151 1372 2176 C
1395 2152 1420 2176 2.
1456 2151 1479 2175 E
1503 2153 1528 2177 1.
1628 2150 1657 2182 d)
1682 2151 1809 2175 dactulis

331 2198 404 2215 corr.
438 2191 556 2215 ductilis
588 2191 613 2214 D
639 2192 663 2221 1,
696 2195 719 2215 et
753 2192 792 2215 ita
830 2192 957 2222 plerique
989 2191 1025 2222 D,
1064 2194 1213 2222 praeterea
1246 2190 1271 2214 A
1295 2189 1335 2216 ‘2.
1361 2191 1387 2216 2.
1410 2191 1437 2216 4.
1462 2190 1487 2216 5.
1520 2191 1543 2215 B
1568 2191 1592 2215 1.
1626 2191 1648 2214 F
1672 2190 1698 2215 5.
1733 2189 1758 2214 G
1782 2189 1807 2214 2.

333 2230 378 2255 5a.
393 2230 426 2261 b3
459 2230 585 2254 dactalis
607 2230 630 2253 F
654 2232 677 2255 1.
702 2230 727 2255 G
749 2232 783 2261 43
818 2230 977 2255 dactilibus
1010 2230 1033 2254 B
1059 2231 1084 2256 2.
1174 2229 1201 2262 e.)
1225 2230 1295 2254 deest
1319 2229 1344 2254 G
1367 2230 1391 2254 3.
1479 2228 1501 2261 f)
1526 2230 1711 2254 Toronensis
1733 2228 1758 2253 A
1782 2229 1807 2261 2,

333 2277 406 2295 corr.
438 2270 549 2294 Turon.
582 2269 607 2293 A
632 2271 656 2293 1.
679 2270 702 2294 B
728 2271 751 2296 1.
774 2270 797 2294 F
821 2271 850 2302 13
883 2271 996 2295 Turon.
1031 2269 1112 2293 ceteri
1203 2267 1232 2300 g)
1256 2269 1294 2293 ica
1327 2269 1353 2294 A
1377 2270 1401 2294 1.
1435 2269 1458 2293 B
1486 2270 1510 2293 1.
1536 2269 1560 2294 3.
1583 2269 1605 2293 F
1631 2270 1654 2293 1.
1680 2268 1705 2293 G
1729 2269 1754 2292 1.
1776 2268 1809 2299 45

332 2309 529 2340 impromptus
551 2309 575 2333 A
599 2309 624 2332 2,
705 2309 735 2343 h)
759 2309 861 2334 nullus
884 2310 908 2334 A
932 2307 971 2333 ’3.
1062 2307 1084 2340 1)
1107 2308 1208 2332 onmia
1230 2316 1258 2339 q.
1282 2308 1304 2333 C
1330 2309 1353 2333 1.
1436 2307 1466 2341 k)
1489 2306 1711 2340 ap(d)propriat
1732 2307 1757 2331 A
1782 2308 1806 2331 1.

332 2348 356 2372 Β
381 2349 412 2378 1;
446 2350 628 2379 approperat
658 2349 681 2373 B
706 2348 737 2379 23
769 2347 1040 2381 ap(d)pr0pinquat
1073 2347 1097 2371 A
1121 2348 1146 2372 3.
1170 2347 1196 2371 4.
1221 2348 1247 2372 5.
1281 2347 1302 2372 C
1319 2347 1367 2372 41).
1391 2347 1414 2371 Ε
1440 2348 1465 2372 1.
1490 2348 1514 2371 G
1537 2347 1564 2379 3,
1586 2354 1646 2371 cum
1669 2346 1749 2377 Grey.
1774 2360 1806 2364 —-

334 2393 408 2417 gens
430 2388 501 2411 deest
525 2386 549 2411 G
573 2388 597 2419 2,
620 2387 668 2411 ubi
685 2395 774 2418 quam
797 2388 929 2419 predixit
948 2395 1021 2412 corr.
1046 2387 1124 2417 quod
1147 2386 1281 2417 predixi3
1304 2387 1383 2418 quod
1407 2386 1431 2411 G
1455 2386 1480 2411 3.
1562 2385 1584 2417 l)
1608 2386 1807 2417 relinquimus

333 2433 407 2450 corr.
430 2426 635 2457 relinquemus
658 2428 683 2451 D
709 2428 733 2459 1,
755 2430 778 2451 et
799 2427 839 2451 ita
862 2427 943 2451 ceteri
965 2427 1001 2459 D,
1020 2429 1169 2457 praeterea
1193 2425 1214 2451 C
1239 2426 1322 2451 1—3.
1348 2425 1373 2450 G
1397 2426 1421 2451 2.
1448 2425 1473 2451 3.
1497 2425 1542 2451 5a.
1565 2425 1592 2449 b.

317 2580 374 2613 ’1)
404 2580 455 2623 Cf.
484 2581 585 2625 Grey.
620 2580 702 2613 Τιιν.
731 2580 799 2619 IT',
827 2581 883 2612 42.
1009 2578 1047 2624 2)
1073 2580 1172 2612 Haec
1198 2591 1239 2613 ex
1268 2580 1367 2623 Grey.
1401 2579 1483 2611 Tur.
1519 2579 1578 2620 VJ,
1619 2579 1651 2609 6.
1690 2583 1807 2610 sumta

337 2634 436 2662 sunt:
465 2634 499 2661 et
517 2630 614 2672 prob.
634 2630 726 2661 vitae
746 2628 893 2661 Paulus.
993 2628 1031 2671 3)
1048 2628 1172 2660 Νῖκαι.
1274 2628 1311 2670 4)
1338 2628 1445 2670 plaga
1471 2628 1671 2670 supervenit
1691 2626 1805 2670 Grey„

338 2677 433 2719 cujus
459 2678 564 2709 verba
590 2688 848 2719 nonnumquam
874 2677 1019 2710 mutavit
1045 2677 1192 2709 Paulus.
1327 2678 1362 2718 5)
1390 2677 1447 2709 Ea:
1475 2676 1574 2718 Grey.
1610 2675 1669 2715 ῘἿ,
1699 2676 1730 2708 6.
1759 2675 1807 2708 acl

337 2726 475 2757 verbum
492 2726 573 2767 fere
600 2726 819 2767 exscriptum.
921 2727 956 2767 6)
983 2737 1069 2769 gens
1095 2727 1157 2758 illa
1185 2725 1288 2769 Grey.
