1852 3141
200 110 244 140 62
407 110 551 142 PAULI
578 109 811 143 HISTORIA
840 110 1285 144 LANGOBARDORUM.
1340 113 1433 145 LIB.
1461 114 1488 145 Ι.

198 219 351 261 altiusss
372 223 632 272 annniratus,
652 235 748 261 eum
770 234 971 274 inagnum
993 220 1182 262 futurum
1202 224 1457 276 pronuntiat.
1503 223 1691 279 Moxque

200 290 298 316 eum
329 292 353 317 a
380 277 546 331 -piseina
576 275 705 316 levari
738 275 967 330 praecepit,
1004 284 1131 331 atque
1161 279 1315 319 nutrici
1345 279 1544 320 traditum
1578 281 1691 320 omni

200 345 295 372 cum
327 332 492 372 studiob
524 330 697 371 mandat
730 330 950 382 alendum,
983 338 1023 372 et
1055 333 1154 386 quia
1174 346 1269 373 eum
1301 333 1351 375 de
1374 335 1548 389 piscina,
1585 350 1693 390 quae

199 401 344 428 eorum
385 386 534 441 lingua
579 386 711 426 ‘lama’
757 385 961 439 dieitur1,
1011 386 1195 439 abstulit,
1239 388 1512 430 Lamissioc·2
1556 391 1690 432 eidem

198 457 353 483 nomen
367 443 384 468 ‘¹
407 442 607 496 inposuit.
655 440 740 492 Qui
762 456 859 482 eum
881 441 1146 495 adolevisset,
1179 450 1292 484 tame
1315 451 1508 486 strenuus
1529 446 1695 488 iuvenis

199 498 373 538 effeetus
404 503 477 549 est,
509 497 576 537 utf
606 502 647 538 et
676 496 1024 539 bellicosissimus
1055 499 1240 540 extiterit
1261 505 1301 540 et
1321 507 1418 555 post
1436 501 1693 554 Agelmundi

197 552 324 593 funus
355 554 474 607 regni
504 551 795 607 gubernacula
815 555 984 595 rexerit.
1044 555 1205 596 Ferunt
1234 555 1360 608 hune,
1399 556 1499 597 dum
1528 557 1694 611 Lango—

197 608 319 649 bardi
350 622 447 649 cum
478 623 578 663 rege
609 623 686 649 suo
724 610 802 650 iter
840 617 1012 665 agentes
1042 609 1097 651 ad
1136 611 1348 666 quendam
1388 610 1565 652 fluvium
1602 627 1696 667 per-

197 664 413 705 venissent
442 670 483 705 et
511 665 565 705 ab
596 664 885 705 Amazonibus
917 672 1055 707 essent
1090 666 1291 722 prohibiti
1324 667 1433 708 ultra
1463 681 1694 722 permeare,

199 734 295 760 eum
326 735 471 761 earum
502 719 731 761 fortissima
757 721 800 761 in
830 721 958 762 fluvio
979 729 1125 764 natatu
1146 737 1358 778 pugnasse
1380 738 1556 778 eamque
1577 738 1694 778 pere-

197 776 337 828 misse,
361 776 526 832 sibique
557 775 694 817 laudis
715 776 906 831 gloriam,
928 777 1224 833 Langobardis
1247 794 1415 834 quoque
1437 779 1692 820 transitumg

196 832 427 887 paravisse.
464 832 559 873 Hoe
576 832 785 888 siquidem
800 834 909 874 inter
930 841 1129 890 utrasque
1151 835 1263 876 acies
1283 835 1401 890 prius
1423 835 1693 888 constitisseh,

199 894 419 942 quatenus,
452 888 486 928 si
516 888 730 929 Amazoni
773 889 950 930 eademk
982 889 1291 931 Lamissionem
1321 898 1550 945 superaret,
1581 890 1689 930 Lan-

195 942 375 997 gobardi
395 945 441 984 a¹
463 943 635 986 flumine
657 945 919 998 recederent,
952 946 1051 986 sin¹¹¹
1077 961 1178 987 vero
1202 955 1253 987 a¹¹
1274 946 1550 999 Lamissione,
1582 953 1627 987 ut
1649 952 1690 987 et

196 999 354 1040 factum
398 1006 481 1051 est,
522 1001 614 1055 ipsa
643 1001 901 1054 vinceretur,
933 1001 1227 1056 Langobardis
1267 1002 1414 1044 eadem
1445 1001 1691 1057 permeandi

197 1054 355 1096 fluenta
385 1056 509 1110 eopia
539 1057 851 1111 praeberetur3.
913 1056 1115 1099 Constato
1146 1073 1259 1111 sane,
1291 1059 1388 1113 quia
1408 1058 1531 1099 huius
1563 1072 1694 1099 asser-

196 1112 323 1152 tionis
355 1113 483 1152 series
520 1112 658 1152 minus
694 1113 869 1154 veritate
905 1113 1088 1155 subnixa
1128 1122 1228 1156 est0.
1290 1114 1501 1155 Omnibus
1537 1114 1690 1155 etenim

198 1166 351 1222 quibus
372 1174 534 1208 veteres
565 1167 762 1208 historiae
793 1175 917 1209 notae
949 1175 1045 1210 sunt
1074 1176 1204 1224 patet,
1234 1177 1403 1225 gentem
1424 1169 1691 1210 Amazonum

194 1221 347 1276 long-ep
377 1228 512 1275 antea,
557 1237 686 1278 quam
715 1223 819 1265 haee
849 1224 940 1265 fieri
970 1226 1217 1280 potuerint‘l,
1259 1240 1350 1267 esse
1381 1225 1580 1279 deletam3
1611 1226 1691 1266 nisi

194 1278 316 1330 forte,
347 1279 446 1333 quia
474 1277 569 1319 loea
609 1279 769 1332 eadem,
805 1279 878 1320 ubi
918 1280 1021 1321 haee
1059 1287 1180 1335 gesta
1217 1281 1429 1333 feruntur,
1466 1296 1552 1322 non
1591 1282 1691 1322 satis

193 1333 542 1389 historiographis
572 1339 672 1375 nota
699 1335 870 1376 fuerunt
898 1341 939 1376 et
968 1337 1044 1376 vix
1074 1335 1127 1377 ab
1168 1336 1310 1393 aliquo
1342 1351 1486 1377 eorum
1517 1335 1691 1391 vulgata

194 1397 305 1442 sunt,
337 1389 428 1431 fieri
459 1391 653 1445 potuerit,
685 1397 731 1432 ut
752 1405 887 1446 usque
908 1391 963 1432 ad
992 1392 1037 1432 id
1066 1399 1234 1447 tempus
1263 1392 1557 1444 huiuscemodi
1585 1391 1691 1433 inibi

193 1444 417 1487 mulierum
448 1460 583 1500 genus
613 1445 854 1488 haberetur.
913 1447 1023 1487 Nam
1045 1454 1087 1489 et
1108 1463 1186 1503 ego
1206 1448 1353 1490 referri
1380 1463 1405 1489 a
1435 1447 1690 1503 quibusdam

193 1500 353 1554 audivi,
391 1516 526 1557 usque
562 1501 688 1543 hodie
727 1502 795 1542 inv
834 1503 993 1544 intimis
1032 1503 1285 1546 Germaniae
1324 1504 1480 1545 finibus
1518 1510 1687 1559 gentem

193 1557 345 1598 harum
376 1558 558 1600 existere
587 1556 877 1599 feminarum4.

310 1613 372 1654 16.
429 1613 593 1668 Igitur⁵
630 1620 884 1655 transmeato
925 1614 1198 1670 Langobardi
1238 1615 1291 1657 de
1330 1629 1413 1671 quo
1445 1614 1688 1657 dixeramus

193 1667 387 1722 flumine,
419 1683 515 1710 eum
538 1669 591 1710 ad
621 1668 841 1711 ulteriores
861 1674 993 1711 terras
1015 1671 1344 1725 pervenissents,
1374 1670 1459 1711 illie
1479 1686 1556 1726 per
1585 1676 1687 1712 tem-

195 1775 223 1807 a)
248 1776 340 1801 alitus
364 1776 390 1801 G
413 1778 444 1807 13
467 1777 540 1801 deest
564 1776 589 1801 G
613 1777 644 1807 2;
667 1777 686 1802 f.
711 1777 772 1801 tale
796 1784 824 1802 a.
847 1778 872 1802 G
885 1778 931 1804 50.
1014 1778 1044 1811 b)
1068 1786 1094 1804 0.
1118 1780 1277 1804 constudio
1301 1780 1324 1804 B
1340 1780 1370 1810 23
1394 1787 1420 1805 o.
1445 1779 1582 1804 custodia
1604 1778 1682 1804 A‘4.

195 1815 221 1840 5.
257 1815 279 1840 O
303 1816 329 1840 2.
362 1816 386 1840 E
412 1817 438 1840 1.
471 1816 494 1840 F
519 1816 543 1839 2.
577 1816 590 1840 Ι
614 1817 646 1845 1;
680 1822 696 1839 o
720 1823 787 1840 cum
821 1818 958 1842 custodia
989 1819 1012 1842 P
1035 1818 1062 1844 3.
1098 1818 1124 1843 G
1147 1820 1171 1843 2.
1275 1817 1302 1851 c)
1325 1818 1460 1843 Lamisio
1491 1819 1515 1843 B
1540 1820 1565 1842 1.
1599 1818 1625 1844 G
1648 1817 1686 1846 '5.

194 1853 224 1886 d)
246 1855 378 1885 posthaec
402 1855 430 1878 in
453 1854 478 1878 A
496 1856 512 1879 -1
530 1854 637 1885 folium
661 1855 758 1879 etcum
780 1862 868 1887 usque
890 1858 928 1881 ad
948 1864 1011 1889 cap.
1027 1858 1059 1883 17
1076 1858 1132 1890 fin.
1157 1858 1193 1883 de
1215 1858 1347 1883 hostium
1371 1866 1439 1884 exu.
1523 1860 1551 1890 c)
1575 1860 1604 1883 et
1624 1858 1685 1883 iam

192 1893 219 1918 A
241 1892 281 1919 ⁸2.
306 1894 338 1924 23
361 1894 403 1918 ita
423 1894 458 1920 B.
480 1894 502 1918 F
526 1895 539 1918 1
564 1901 577 1918 e
598 1901 672 1920 corr.
695 1895 720 1919 2.
745 1894 770 1919 3.
794 1895 828 1925 43
851 1902 886 1920 eo
911 1896 932 1921 C
956 1898 969 1921 1
995 1910 1029 1916 —-
1054 1897 1079 1922 3.
1113 1897 1150 1922 D.
1174 1897 1188 1922 1
1213 1899 1244 1927 13
1276 1897 1351 1922 adeo
1376 1897 1398 1923 C
1420 1898 1447 1923 4.
1472 1897 1499 1923 5.
1522 1898 1536 1922 I
1560 1898 1591 1927 2;
1613 1898 1686 1922 deest

192 1933 215 1957 F
238 1932 264 1957 5.
289 1932 314 1957 G
340 1932 423 1959 1-5,
446 1933 473 1957 Η
498 1934 520 1960 1,
613 1932 636 1965 f)
660 1934 731 1957 deest
754 1933 788 1958 G.
812 1935 839 1959 H
863 1936 894 1966 13
923 1936 1066 1961 extiterat
1090 1951 1122 1954 —
1146 1939 1266 1961 rexerat
1289 1936 1315 1961 G
1337 1937 1362 1961 2.
1388 1937 1417 1967 63
1441 1936 1541 1961 extitit
1563 1936 1588 1961 G
1610 1938 1636 1962 4.
1659 1936 1686 1964 5.

192 1972 220 1996 Η
244 1973 279 2002 1;
313 1974 342 1996 et
365 1973 445 1997 rexit
478 1972 499 1997 C
524 1972 552 1996 3.
585 1973 608 1996 F
632 1973 659 1999 2.
693 1972 719 1997 G
741 1973 767 1999 4.
793 1974 817 1999 5.
921 1973 951 2007 g)
984 1976 1114 2000 transitu
1145 1983 1220 2000 sorr.
1248 1976 1410 2001 transitum
1441 1976 1464 2000 F
1498 1977 1523 2000 1.
1557 1974 1582 2000 G
1605 1977 1631 2000 1.
1656 1976 1682 2002 2.

192 2009 223 2043 h)
248 2011 436 2036 constitisset
458 2012 480 2035 P
495 2012 520 2036 1.
546 2011 617 2042 (423
641 2012 849 2038 constituisset
872 2012 897 2038 G
920 2014 996 2044 3.4;
1020 2015 1242 2040 constituerunt
1263 2022 1276 2040 e
1297 2022 1372 2040 corr.
1397 2014 1423 2038 G
1446 2016 1471 2041 1.
1552 2013 1574 2046 i)
1597 2015 1685 2041 Ama-

193 2057 271 2075 zona
292 2050 306 2074 I
330 2052 355 2074 1.
436 2050 467 2082 k)
492 2051 621 2076 eundem
652 2051 678 2075 A
702 2050 741 2077 3.
772 2052 797 2076 5.
821 2052 847 2077 6.
871 2052 893 2078 C
917 2054 942 2077 1.
965 2053 990 2078 Ε
1016 2055 1041 2080 1.
1070 2054 1093 2078 F
1116 2054 1142 2079 2.
1165 2055 1193 2082 4.
1223 2053 1248 2079 G
1272 2056 1296 2079 2.
1320 2055 1346 2079 5.
1375 2054 1402 2078 H
1426 2055 1457 2084 13
1481 2054 1587 2079 eadem
1608 2062 1683 2081 corr.

193 2089 324 2114 eundem
346 2088 372 2113 A
395 2087 434 2114 ‘3.
457 2090 480 2114 B
505 2091 536 2120 33
566 2090 674 2115 eodem
705 2090 731 2115 G
754 2091 779 2123 3,
802 2098 877 2117 corr.
907 2092 1037 2117 eundem
1061 2092 1086 2118 G
1110 2094 1135 2119 1.
1226 2092 1248 2125 1)
1273 2093 1311 2118 ad
1332 2093 1355 2117 F
1381 2095 1407 2118 1.
1499 2091 1541 2125 m)
1565 2094 1589 2117 si
1610 2094 1633 2117 F
1658 2095 1681 2118 1.

192 2127 224 2160 n)
248 2129 285 2153 ad
306 2128 501 2153 Lamisonem
523 2130 546 2153 F
571 2130 601 2159 13
625 2129 848 2155 Lamissionem
872 2130 898 2155 G
921 2131 944 2155 3.
969 2132 995 2155 4.
1059 2131 1088 2162 ο)
1110 2132 1236 2157 Constat
1259 2147 1291 2150 —
1315 2134 1360 2157 est
1380 2132 1485 2157 ‹les.D.
1548 2131 1579 2163 p)
1592 2132 1683 2163 longe

193 2180 227 2185 —
250 2168 405 2198 potuerint
425 2168 481 2193 des,
505 2168 526 2193 C
551 2169 575 2194 2.
668 2167 698 2200 q)
721 2171 889 2199 potuerunt
918 2169 949 2195 O.
973 2170 1015 2200 D;
1046 2171 1179 2201 potuerit
1210 2171 1234 2195 F
1258 2172 1284 2197 1.
1318 2170 1343 2195 G
1368 2172 1392 2198 1.
1416 2171 1442 2197 3.
1464 2171 1491 2196 4.
1515 2170 1540 2197 5.
1564 2171 1589 2197 6.
1613 2172 1626 2196 1
1650 2172 1683 2203 33

191 2206 219 2234 h,
242 2206 349 2231 fierent
370 2207 394 2231 B
420 2209 446 2232 1.
530 2206 554 2238 r)
577 2208 650 2231 dees!
672 2208 697 2232 A
722 2208 747 2232 2.
775 2208 820 2233 2a.
845 2207 883 2234 ’3.
907 2208 933 2230 G
955 2209 983 2234 3.
1074 2208 1099 2242 s)
1120 2210 1310 2240 pervenisset
1332 2210 1354 2233 F
1380 2211 1405 2234 1.
1431 2209 1456 2234 G
1479 2211 1505 2235 1.

193 2301 229 2347 1)
257 2304 378 2337 Vocem
404 2305 508 2338 etiam
536 2306 634 2347 apud
660 2305 802 2338 Festum
823 2307 993 2349 reperies.-
1021 2308 1181 2349 Lacuna,
1210 2319 1324 2351 aquae
1354 2309 1530 2350 collectio,
1558 2321 1579 2342 a
1597 2311 1680 2344 lacu

192 2353 382 2394 derivatur,
410 2365 516 2396 quam
543 2354 605 2385 alii
631 2354 772 2395 lamam,
800 2355 862 2387 alii
887 2355 1035 2388 lustrum
1063 2356 1196 2389 dieunt.
1235 2357 1366 2390 LIND.
1408 2356 1459 2400 Cf.
1478 2358 1511 2390 J.
1533 2358 1675 2399 Grimm,

193 2400 234 2435 (τ’.
249 2402 284 2434 d.
307 2401 353 2435 D.
369 2401 453 2444 Spr.
470 2401 507 2435 S.
535 2403 624 2433 694:
653 2403 730 2435 ‘aus
745 2403 864 2437 lceiuer
875 2405 1141 2447 qermaniselzen
1157 2405 1405 2449 Spraclzejetzt
1419 2417 1463 2438 zu
1477 2406 1676 2440 erlc't'ucern'.

191 2448 261 2483 Sed
269 2450 429 2492 fortasse
447 2462 524 2483 cum
541 2451 643 2484 verbo
658 2457 775 2484 nostro
797 2452 926 2485 ‘Lelzm'
947 2453 1225 2497 conjungendum
1243 2458 1300 2487 est.
1341 2455 1416 2487 ΒΕ.
1519 2454 1555 2497 2)
1569 2456 1678 2488 Hanc

188 2498 338 2531 nominis
363 2500 522 2541 formam
559 2499 696 2532 Paulus
730 2512 771 2534 em
805 2501 931 2534 Edicto
966 2502 1134 2535 Botharis
1167 2502 1331 2535 sumsisse
1365 2503 1514 2536 videtur.
1572 2505 1677 2536 Laia—

188 2548 305 2579 micho
332 2549 388 2580 vel
414 2548 588 2581 Lamicho
619 2547 713 2592 0249.
823 2548 861 2592 3)
889 2550 1019 2583 Modus
1055 2551 1145 2583 bella
1178 2551 1368 2584 dirimendi
1402 2556 1483 2584 tunc
1509 2563 1578 2584 nou
1601 2552 1676 2584 inu-

187 2595 334 2633 gimnus,-
359 2597 402 2638 ef.
441 2597 542 2640 (ἔγρῃ.
585 2595 668 2630 Tur.
697 2597 751 2638 II,
780 2598 811 2630 2.
913 2599 948 2639 4)
976 2599 1032 2632 De
1065 2599 1197 2632 Kvem's
1230 2600 1314 2632 haec
1348 2600 1572 2643 intelligenda
1607 2611 1678 2633 esse

189 2643 371 2681 videntur,¹
400 2645 443 2686 ef.
471 2645 579 2678 Zeuss
598 2657 639 2688 2).
668 2645 750 2678 686.
851 2644 886 2689 5)
915 2659 942 2680 c.
974 2648 1029 2682 16.
1052 2648 1107 2680 17.
1136 2648 1228 2681 unde
1246 2648 1383 2681 Paulus
1409 2647 1578 2689 sumserit,
1606 2659 1676 2681 uon

189 2697 332 2724 constat.
393 2693 559 2726 Fortasse
601 2694 746 2727 eandem
784 2701 924 2728 secutus
947 2700 995 2729 est
1033 2697 1285 2737 narrationem,
1324 2707 1429 2738 quam
1468 2701 1572 2729 antea
1598 2707 1675 2729 eum

192 2739 334 2784 Origine
360 2741 549 2784 eoujzmaeit.
