1852 3141
322 125 467 158 PAULI
494 124 723 156 HISTORIA
750 122 1194 155 LANGOBARDORUM.
1246 123 1340 154 LIB.
1369 124 1396 154 Ι.
1552 124 1595 155 57

123 242 370 291 tempestate
404 233 641 287 convulsae,
686 231 956 288 postmodum
999 233 1052 274 ab
1096 232 1175 273 hac
1219 233 1366 274 eadem
1402 232 1606 274 Caribdin

121 298 290 333 voratae
320 298 428 332 sunt.
488 289 610 331 Unus
639 296 778 330 autem
807 287 1068 330 solummodo
1100 303 1152 330 ex
1179 288 1374 330 omnibus
1402 289 1501 329 viris
1533 289 1605 344 qui

121 349 164 388 in
194 346 372 387 navibus
403 345 483 386 illis
513 345 690 397 fuerant,
721 344 996 385 morientibus
1027 345 1189 396 ceteris,
1221 343 1323 384 dum
1353 343 1492 384 adhuc
1523 345 1604 399 spi-

117 417 214 443 rans
244 400 442 442 fluetibus
463 408 764 456 supernataret,
795 400 864 440 vib
886 413 1091 454 aquarum
1109 398 1340 441 labentium
1360 398 1569 440 abductus
1579 407 1607 450 ⁰,

119 458 173 498 ad
212 457 357 498 oramd
394 472 527 511 usque
562 455 864 496 inmanissimie
904 455 1014 496 illius
1051 454 1208 496 baratri
1247 456 1452 510 pervenit.
1522 455 1606 507 Qui

121 527 216 554 cum
246 513 329 553 iam
360 512 734 568 profundissimum
756 518 796 552 et
826 511 914 551 sine
935 510 1017 551 fine
1037 517 1187 565 patens
1208 510 1332 552 chaos
1355 511 1604 566 adspiceret,

126 568 327 624 ipsoquef
357 582 514 624 pavore
544 572 836 622 praemortuus
859 573 931 606 seg
961 564 1060 606 illuc
1081 566 1290 606 ruiturum
1322 574 1604 621 exspectaret,

123 623 283 676 subito,
322 623 435 677 quod
466 637 633 678 sperare
664 636 748 662 non
778 627 953 675 poterat,
991 634 1094 661 saxo
1127 621 1311 675 quodam
1343 623 1605 676 superiectus

121 679 286 720 insedit.
330 679 533 720 Decursis
554 676 761 731 siquidem
783 677 866 716 iam
889 675 1082 717 omnibus
1105 691 1212 730 quae
1235 676 1468 718 sorbendae
1489 684 1607 718 erant

120 735 251 789 aquis,
286 734 408 775 oraeh
447 733 555 773 illius
594 733 759 773 fuerant
796 731 1007 786 margines
1056 731 1275 783 denudat13
1314 731 1499 786 dumque
1546 733 1605 773 ibi

117 790 225 832 inter
254 795 314 831 tot
342 789 554 843 angustias
584 788 736 828 anxius
757 787 830 828 vix
852 786 904 827 ob
934 793 1093 827 metum
1123 785 1334 842 palpitans
1368 787 1605 840 resedereti,

120 844 374 899 dilatamque
387 845 404 870 ¹³
434 843 487 884 ad
518 843 730 884 modicum
760 850 937 883 mortem
963 841 1234 882 nihilominus
1257 843 1473 897 operiretl,
1510 857 1605 883 con-

120 901 244 956 spicit
270 914 367 941 ecce
397 899 535 940 subito
557 898 677 954 quasi
693 912 869 953 magnos
897 912 1102 953 aquarum
1132 905 1294 939 montes
1316 897 1367 939 de
1397 898 1605 953 profundo

118 955 276 997 resilire
309 969 534 1010 navesque,
566 968 672 1009 quae
697 953 920 995 absortaem
948 953 1126 1005 fuerant,
1156 953 1313 1008 primas
1346 968 1560 1008 emergere
1574 962 1604 994 ¹¹.

121 1011 344 1065 Cumque0
375 1024 459 1050 una
489 1025 543 1051 ex
573 1009 652 1050 illis
684 1010 722 1050 ei
751 1010 979 1063 contigua?
1021 1008 1173 1061 fiereffl,
1205 1008 1259 1049 ad
1297 1023 1389 1050 eam
1429 1024 1473 1050 se
1511 1010 1607 1050 nisu

120 1081 201 1121 quo
232 1067 370 1121 potuit
398 1065 692 1120 adprehendit,
723 1079 799 1106 nec
838 1079 967 1116 mora,
999 1064 1124 1105 celeri
1154 1063 1294 1106 volatu
1335 1079 1466 1119 prope
1506 1064 1604 1106 litus

116 1122 331 1174 advectus,
361 1121 610 1162 metuendae
645 1121 760 1161 necis
791 1135 913 1161 casus
952 1120 1096 1172 evasit,
1135 1120 1296 1175 proprii
1334 1120 1606 1174 postmodum

120 1176 293 1232 periculi
314 1176 468 1218 relator
489 1177 685 1218 existens,
729 1176 931 1217 Nostrum
962 1189 1144 1230 quoque,
1176 1175 1219 1216 id
1242 1183 1303 1217 est
1324 1176 1603 1228 Adriaticum,

119 1247 246 1282 mare,
278 1231 392 1287 quod
422 1231 519 1273 licet
547 1233 698 1284 minus,
730 1231 919 1273 similiter
944 1237 1085 1271 tamen
1106 1231 1378 1272 Venetiarum
1400 1231 1605 1272 Histriae-

121 1303 200 1343 que
230 1287 375 1328 literar
395 1287 602 1343 pervadit,
634 1286 832 1328 credibile
856 1294 930 1339 est,
960 1301 1113 1341 parvos
1135 1286 1377 1327 huiusmodi
1402 1286 1604 1327 occultos-

120 1359 201 1399 que
231 1343 386 1384 habere
415 1352 591 1396 meatus,
627 1343 781 1398 quibus
818 1350 858 1384 et
887 1342 1131 1383 recedentes
1165 1356 1299 1397 aquae
1332 1343 1604 1383 sorbeanturS

119 1406 159 1440 et
187 1413 352 1439 rursum
383 1399 629 1439 invasuraet
659 1397 780 1439 litora
808 1404 1090 1438 revomantur.
1150 1397 1230 1438 His
1261 1398 1318 1439 ita
1348 1397 1604 1453 praelibatis,

119 1454 173 1495 ad
195 1461 387 1508 coeptam
408 1454 606 1494 narrandi
627 1454 775 1495 seriem
806 1453 1040 1495 redeamus,

232 1509 292 1549 *7.
349 1510 484 1564 Igitur
514 1510 672 1564 egressi
702 1509 753 1550 de
785 1508 1066 1550 Scadinaviau
1097 1507 1317 1561 Winnilii',
1349 1523 1446 1549 eum
1475 1507 1628 1549 Iborw‘
1660 1539 1665 1545 .

120 1571 160 1606 et
199 1565 365 1605 Aionex
407 1564 606 1617 ducibus,
644 1565 687 1604 in
717 1565 934 1620 regionem
965 1578 1072 1619 quae
1102 1563 1338 1619 adpellatur
1369 1564 1603 1619 Scoringalvv

119 1620 345 1673 venientes,
376 1635 451 1675 per
485 1635 617 1661 annos
652 1619 736 1660 illic
772 1619 943 1674 aliquod
978 1619 1297 1660 consederuntl.
1355 1619 1431 1661 Illo
1462 1620 1605 1675 itaque

119 1683 307 1730 tempore
336 1674 512 1716 Ambriz
545 1682 585 1716 et
605 1675 700 1716 Assi
715 1682 729 1701 ³
748 1674 1053 1716 Wandalorum
1076 1674 1205 1715 duces
1226 1676 1388 1716 vicinas
1416 1690 1604 1730 quasque

118 1731 357 1787 provincias
387 1729 526 1773 bellob
558 1730 819 1786 premebant.
879 1730 965 1771 Hi2
995 1731 1080 1770 iam
1111 1729 1253 1771 multis
1275 1730 1371 1772 elati
1400 1732 1603 1783 victoriis,

119 1851 148 1883 a)
191 1854 243 1876 cest
267 1851 292 1876 G
314 1851 340 1876 2.
432 1848 462 1882 b)
484 1850 555 1874 deest
578 1850 600 1876 C
623 1848 671 1881 ‘13
701 1850 732 1874 in
754 1850 778 1875 B
804 1851 829 1876 1.
920 1849 946 1882 c)
969 1851 1116 1876 adductus
1145 1850 1171 1875 A
1202 1851 1227 1876 5.
1253 1852 1278 1877 6.
1301 1852 1325 1876 E
1351 1852 1375 1876 1.
1406 1850 1431 1875 G
1455 1851 1480 1875 3.
1504 1851 1529 1874 4.
1555 1851 1601 1875 fib.

118 1891 146 1916 Η
170 1892 201 1921 l;
224 1890 291 1915 abd.
315 1897 454 1921 super-scr.
477 1889 525 1913 vel
548 1889 602 1914 sub
624 1889 647 1913 F
672 1891 696 1913 1.
785 1889 814 1921 (1)
839 1896 892 1914 ora
914 1890 939 1914 A
963 1889 1001 1913 ’2.
1024 1890 1048 1915 5.
1073 1891 1100 1915 6.
1124 1890 1148 1914 Β
1174 1891 1199 1914 1.
1230 1890 1255 1914 3.
1340 1889 1367 1922 e)
1391 1890 1604 1915 inmanissima

168 1931 196 1956 1.
216 1930 239 1953 F
272 1930 297 1953 1.
333 1929 358 1953 G
381 1930 406 1953 1.
431 1929 463 1959 33
496 1928 738 1953 inmanissimam
771 1929 793 1952 F
816 1928 842 1952 5.
868 1928 892 1953 G
915 1929 940 1953 4.
965 1928 990 1952 5.
1073 1930 1095 1956 f)
1119 1929 1160 1953 Ιιίς
1194 1930 1290 1960 incipit
1322 1930 1335 1953 1
1359 1931 1383 1960 1,
1418 1930 1603 1959 quaternione

115 1969 210 1999 primo
232 1969 341 1998 evul303
359 1970 424 1998 post
446 1973 558 1999 pavore
587 1968 675 1998 plura
697 1967 752 1992 des,
777 1967 802 1991 A
826 1969 851 1999 6,
867 1967 943 1998 folio
972 1968 1124 1998 (ῐρῃενῑῖίίο.
1208 1968 1236 2001 g)
1261 1976 1327 1993 sese
1350 1968 1374 1992 Α
1399 1966 1437 1994 ’2.
1462 1969 1487 1993 2.
1513 1966 1551 1992 ’3.
1575 1968 1600 1992 5.

118 2008 142 2032 E
166 2009 192 2039 l,
214 2015 227 2032 e
248 2015 322 2032 corr.
345 2007 369 2031 B
393 2007 418 2031 2.
442 2007 468 2031 D
494 2008 518 2031 1.
599 2005 629 2038 h)
659 2007 720 2030 oris
748 2013 888 2037 superscr.
920 2006 968 2031 vel
998 2014 1048 2031 ore
1070 2008 1094 2032 E
1119 2008 1148 2037 13
1175 2014 1225 2032 ore
1246 2008 1264 2034 i.
1297 2007 1433 2033 fecerant
1457 2007 1602 2037 marginis

119 2047 136 2071 d
170 2047 193 2070 F
218 2048 248 2077 1;
270 2046 417 2077 marginis
439 2046 520 2070 etiam
542 2045 564 2069 F
588 2046 615 2071 2.
636 2046 662 2071 4.
686 2046 712 2070 5.
738 2045 763 2069 G
785 2046 820 2075 4;
849 2045 999 2070 denudate
1024 2045 1049 2070 G
1070 2047 1097 2071 4.
1123 2046 1169 2070 51³.
1184 2054 1208 2071 ο.
1291 2046 1312 2079 i)
1335 2048 1375 2070 ita
1397 2046 1423 2070 A
1446 2045 1485 2071 ¹2.
1511 2047 1536 2071 2.
1562 2045 1601 2071 ’3.

118 2085 141 2110 F
165 2086 190 2111 1.
215 2084 239 2110 G
262 2086 289 2111 3.
376 2084 407 2116 k)
432 2084 619 2115 dilatumque
652 2085 674 2108 F
699 2086 725 2109 1.
759 2085 784 2109 G
808 2087 834 2109 1.
924 2085 946 2115 l)
972 2086 1124 2116 opperiret
1155 2084 1180 2109 A
1210 2085 1248 2112 ’2.
1272 2086 1297 2110 2.
1327 2086 1350 2110 Ε
1377 2087 1400 2111 1.
1432 2084 1457 2109 G
1481 2086 1507 2110 2.
1529 2085 1542 2108 Ι
1568 2086 1600 2115 1;

119 2124 237 2155 operire
259 2125 282 2148 F
305 2125 330 2149 1.
354 2123 377 2149 G
402 2125 427 2148 1.
452 2123 484 2153 33
514 2122 732 2155 op(p)eriretur
754 2123 779 2147 A
803 2124 828 2148 5.
851 2124 874 2148 Β
901 2124 925 2149 2.
948 2124 975 2149 4.
999 2124 1025 2148 D
1050 2126 1077 2151 1.
1100 2124 1123 2149 G
1147 2125 1172 2149 4.
1195 2124 1221 2150 ὅ.
1244 2125 1257 2149 Ι
1282 2126 1306 2152 2,
1330 2125 1361 2155 33
1392 2124 1505 2154 periret
1529 2124 1550 2149 C
1575 2124 1601 2148 2.

121 2161 161 2194 m)
184 2163 223 2187 ita
246 2163 322 2187 codd.
345 2163 508 2187 vetustiores
531 2169 635 2187 omnes.
728 2161 758 2195 n)
783 2167 975 2193 emergerent
1003 2164 1025 2187 F
1051 2165 1076 2189 1.
1100 2164 1125 2187 G
1150 2165 1174 2188 1.
1199 2164 1224 2188 3.
1318 2162 1346 2195 o)
1371 2163 1445 2188 Cum
1468 2163 1490 2186 F
1516 2164 1540 2186 1.
1565 2162 1600 2188 G.

119 2200 150 2232 p)
175 2202 327 2232 condigna
359 2201 383 2226 G
408 2202 492 2226 1-4,
585 2200 614 2234 q)
648 2201 745 2226 fuerat
766 2209 839 2226 corr.
873 2202 964 2227 fuerit
984 2202 1007 2226 F
1031 2203 1061 2233 13
1095 2203 1186 2227 fuerit
1219 2202 1243 2227 G
1268 2204 1294 2227 1.
1320 2203 1353 2231 2;
1388 2202 1498 2226 suerint
1522 2202 1547 2225 G
1570 2202 1603 2232 3;

120 2239 184 2264 fieri
206 2240 219 2264 1
242 2241 274 2270 23
296 2241 375 2265 facta
396 2240 504 2265 suisset
525 2247 592 2265 eam
614 2240 763 2271 quomodo
786 2243 845 2272 pot.
869 2240 894 2265 G
917 2241 943 2265 4.
1025 2240 1050 2272 r)
1074 2241 1164 2267 litore
1185 2242 1208 2266 F
1223 2244 1248 2267 1.
1272 2240 1336 2267 Gl.
1360 2241 1385 2265 3.
1408 2241 1433 2266 4.
1507 2240 1603 2272 s)sor·

119 2278 228 2303 bentur
248 2279 270 2302 F
294 2280 319 2303 2.
343 2279 368 2303 3.
392 2280 418 2303 4.
443 2279 479 2307 G.
560 2278 581 2311 t)
606 2280 750 2304 invasura
772 2280 797 2304 A
820 2281 846 2305 2.
871 2280 922 2309 2a3
955 2280 1096 2305 invasore
1128 2280 1151 2304 F
1177 2282 1200 2306 1.
1225 2280 1249 2305 G
1273 2281 1303 2310 ‘23
1326 2280 1431 2304 invaso
1456 2280 1481 2303 G
1504 2280 1537 2307 ὃς
1561 2280 1603 2303 in-

120 2324 194 2342 vasa
215 2317 251 2342 ad
274 2317 361 2342 litore
385 2317 409 2342 G
431 2318 462 2348 -1;
484 2318 590 2343 invaso
613 2318 701 2343 litore
725 2319 747 2342 F
772 2320 784 2342 1
809 2325 821 2343 e
842 2326 928 2350 corr„
952 2319 977 2343 2.
1002 2319 1028 2344 3.
1052 2319 1084 2349 5;
1114 2319 1151 2344 ab
1174 2320 1314 2344 invasore
1346 2319 1434 2343 litore
1459 2318 1483 2343 G
1506 2318 1602 2348 5a.b;

121 2356 158 2380 ab
191 2356 297 2381 invaso
330 2357 411 2380 litori
434 2356 459 2381 G
482 2355 527 2386 ’ὃς
550 2356 586 2381 ab
618 2357 724 2381 invaso
756 2357 844 2382 litore
876 2357 902 2381 A
935 2358 980 2383 Sa.
1011 2359 1034 2380 G
1058 2359 1101 2383 50.
1194 2364 1224 2388 u)
1250 2359 1288 2382 ita
1321 2358 1342 2381 1³
1369 2359 1391 2383 1,
1416 2358 1441 2381 G
1466 2359 1475 2381 1
1515 2357 1602 2389 (corr.

120 2394 254 2426 Scand.),
276 2395 340 2425 alii3
363 2395 555 2420 Seadauavia
575 2395 601 2419 A
624 2395 649 2419 3.
675 2395 745 2425 G2;
768 2395 911 2421 Scaudiu.
935 2404 1008 2421 corr.
1033 2396 1162 2421 Scadan.
1186 2398 1212 2421 D
1229 2398 1252 2421 1.
1334 2396 1363 2428 v)
1387 2396 1504 2421 NVinuli
1527 2396 1550 2419 B
1576 2398 1601 2421 1.

123 2434 146 2457 G
170 2434 202 2464 43
226 2434 363 2459 Winuuli
386 2433 411 2457 A
434 2432 479 2464 ’3;
502 2434 609 2459 winili
631 2434 652 2458 F
678 2436 702 2459 1.
726 2434 749 2459 G
777 2436 807 2459 l:
835 2438 935 2466 postea
957 2435 1035 2460 codd.
1067 2439 1175 2459 tantum
1210 2443 1267 2459 non
1296 2442 1389 2459 omnes
1410 2434 1539 2459 WVinnili
1563 2435 1604 2458 rel

120 2473 236 2498 Winili.
320 2471 358 2504 w)
382 2473 463 2497 Ybor
484 2472 510 2497 A
534 2471 580 2502 '33
603 2472 685 2497 Ebor
707 2472 732 2497 G
757 2474 781 2497 1.
806 2473 841 2501 2;
863 2473 962 2498 Ebore
987 2474 1012 2498 G
1034 2473 1065 2505 5,
1098 2478 1121 2498 cc
1145 2475 1183 2498 ira
1207 2475 1344 2504 ‹Ieinceps.
1427 2474 1458 2505 x)
1483 2473 1601 2503 Agione

83 2518 87 2521 ¹
120 2512 144 2536 B
169 2513 193 2537 l.
218 2512 250 2536 F.
275 2512 339 2536 (¹12.
363 2512 388 2536 5.
414 2512 472 2541 Ῑ2ς
494 2511 613 2541 Aigone
637 2511 661 2536 G
675 2512 700 2536 3.
783 2510 812 2543 y)
838 2512 997 2543 Scoringia
1021 2512 1042 2536 G
1059 2514 1084 2538 2.
1166 2512 1192 2544 z)
1216 2512 1337 2538 Canibri
1362 2512 1384 2535 G
1400 2512 1426 2536 3.
1509 2511 1536 2545 a)
1549 2511 1601 2536 Asi

122 2551 154 2576 F.
180 2552 215 2576 G.
240 2551 250 2575 1
275 2551 300 2575 2.
383 2549 412 2582 b)
436 2557 489 2582 per
510 2550 593 2576 bella
615 2550 640 2574 A
664 2549 702 2576 ·3.

123 2650 158 2691 1)
189 2648 287 2688 Quae
313 2649 354 2681 cle
374 2649 686 2692 Lanyohardorum
713 2648 852 2681 sedibus
869 2641 915 2681 'in
936 2648 1106 2692 Scorinya
1133 2655 1162 2682 ec
1185 2654 1261 2691 post
1283 2650 1325 2687 (c.
1345 2650 1403 2690 11)
1433 2648 1468 2681 in
1494 2649 1600 2681 Jsau-

122 2696 225 2741 rin-qa
251 2697 386 2729 Paulus
420 2698 528 2730 tradit
568 2698 658 2730 unde
694 2698 858 2737 lmuserc't,
897 2710 963 2730 non
998 2703 1140 2730 constat.
1244 2698 1280 2739 2)
1307 2698 1406 2731 Haec
1433 2708 1473 2731 ex
1505 2698 1598 2741 Oriy.

119 2746 256 2779 Paulus
284 2746 404 2780 sumsit
431 2751 460 2780 εἰ
487 2757 548 2779 suo
576 2757 667 2779 more
695 2745 929 2789 amplificavit.
