1852 3141
347 105 391 134 44
650 106 792 138 PAULI
819 106 1047 138 HISTORIA
1076 107 1516 141 LANGOBARDORUM.

348 217 449 256 dum
488 215 731 256 Bethmann
772 216 933 256 Romae
972 216 1237 270 versabatur,
1274 220 1466 260 inveniri
1505 234 1591 261 non
1624 226 1816 274 poterat,

351 272 479 313 Arch.
511 271 608 321 XII,
634 287 681 325 p.
711 271 835 311 344¹.

460 325 663 367 Flammis
693 326 933 379 consumpti
962 331 1086 366 sunt:

461 382 524 421 Lo
538 381 848 422 ncliniensis
883 381 1040 422 Cotton.
1065 382 1169 423 Otho
1190 382 1241 423 A.
1270 384 1330 435 10,
1361 386 1408 424 ‘in
1438 400 1518 439 quo
1540 385 1819 427 Aethelwercli

349 438 583 478 chronicon
622 442 659 476 et
690 436 909 476 Historiae
938 436 1326 492 Lanqobarclorum
1365 439 1464 480 libri
1503 455 1587 493 seoe,
1629 442 1818 483 ‘charac-

348 493 508 533 teribus
549 493 742 545 antiquis
779 497 816 531 et
853 491 1192 547 eleqantissimis’
1231 492 1491 548 leqebantur,
1530 502 1626 538 teste
1665 497 1818 549 Smith,

354 548 445 589 Cat.
476 546 569 590 bibl.
605 546 776 599 Cotton„
814 546 950 588 Oaeon.
986 547 1103 599 1647,
1127 564 1174 603 p.
1205 548 1270 589 67.

462 602 842 643 Loncliniensis
875 602 1032 645 Cotton.
1062 603 1249 645 Vitellius
1270 605 1320 645 E.
1349 605 1406 656 II,
1439 607 1513 659 qui
1533 607 1659 648 etiam
1679 608 1816 664 Frag-

352 664 533 699 mentum
576 659 626 699 ele
669 658 841 714 reqibus
881 659 1170 712 Francorum,
1216 659 1266 701 G.
1296 660 1561 711 Aleoeanclri,
1605 662 1818 716 Daretem,

352 714 593 755 Historiam
624 714 878 766 Romanam,
910 714 1001 755 alia
1031 715 1281 756 continebat.
1339 716 1402 757 Ib.
1427 731 1474 771 p.
1505 717 1570 757 95.

462 770 705 810 Bethmann
730 776 959 824 praeterea
989 777 1190 825 quotquot
1218 773 1413 812 invenire
1436 778 1609 826 poterat
1629 774 1818 814 codicum

353 826 630 880 antiquorum
659 826 837 868 notitias
868 841 1033 867 summa
1064 827 1144 868 clili
1175 828 1289 868 entia
1321 827 1498 882 colleqit,
1529 843 1637 883 quas
1667 829 1740 870 ubi
1761 830 1820 871 acl

349 880 482 922 libros
515 886 653 921 nostro
676 887 857 935 tempore
878 889 1066 923 servatos
1086 842 1245 937 referre
1266 883 1418 924 licebat
1438 898 1578 938 supra
1610 884 1819 926 indicavi-

351 951 471 989 mus:
503 935 687 991 reliquos
707 951 804 978 vero
834 938 1010 984 codices,
1043 952 1146 993 quos
1176 944 1284 979 certo
1317 953 1545 994 aqnoseere
1566 939 1820 995 plerumque

351 993 575 1047 nequimus
605 998 680 1032 aut
708 992 949 1046 deperditos
977 993 1182 1049 luqemus,
1214 1010 1327 1035 nunc
1356 995 1497 1048 ipsius
1519 995 1656 1036 verbis
1678 1011 1817 1037 recen-

349 1062 501 1089 semus.
561 1046 673 1089 Sunt
702 1062 824 1089 vero:

463 1102 577 1149 Itali,
615 1109 793 1157 praeter
836 1104 965 1145 Pauli
1007 1105 1311 1160 archetypum:
1365 1105 1698 1147 C'asinensis
1741 1106 1817 1147 sub

352 1159 498 1199 abbate
535 1158 786 1211 Theobalclo,
832 1160 907 1200 hoc
953 1166 1012 1200 est
1052 1176 1092 1200 a.
1126 1160 1409 1201 1022-1035.
1455 1167 1676 1212 exaratus,
1719 1167 1817 1203 teste

352 1214 489 1255 Leone
541 1214 726 1255 Ostiensi
766 1215 823 1266 H,
860 1215 914 1255 53
959 1215 1064 1268 (SS.
1102 1216 1189 1268 VII,
1226 1232 1275 1270 p.
1307 1216 1436 1267 662);
1499 1216 1816 1259 Casinensis

354 1269 461 1311 alter
490 1269 564 1309 sub
596 1270 821 1311 Desiderio
853 1271 999 1311 abbate
1029 1272 1230 1325 scriptus,
1270 1278 1314 1312 ut
1351 1271 1481 1326 refert
1509 1272 1661 1313 Petrus
1691 1273 1819 1314 Diae.

356 1324 508 1366 Chron.
535 1324 678 1367 C'asin.
701 1326 782 1376 III,
804 1324 856 1365 63
879 1325 956 1379 (ib.
972 1341 1018 1380 p.
1038 1326 1143 1367 746.-
1176 1326 1409 1367 Historiam
1429 1326 1819 1381 Langobardorum,

352 1379 588 1422 Gothorum
604 1386 644 1421 et
659 1379 984 1433 Wandalorum)
995 1397 1010 1434 ,·
1032 1381 1222 1436 Fuvfen
1233 1382 1323 1430 sis,
1345 1397 1465 1437 quem
1487 1382 1820 1438 Hilclepranclus

351 1452 393 1476 a.
416 1435 648 1477 939—943.
681 1436 974 1490 defraudavit,
1005 1443 1103 1477 teste
1135 1436 1344 1492 Greqorio
1371 1437 1590 1479 Catinensi
1620 1437 1724 1491 (SS.
1746 1439 1820 1491 XI,

348 1507 393 1546 p.
416 1492 496 1531 536
519 1494 609 1543 n.),·
640 1492 913 1543 Lucensis,
945 1494 1019 1546 qui
1051 1494 1096 1533 in
1126 1494 1369 1534 inventario
1391 1495 1616 1534 sacristiae
1637 1493 1822 1548 capituli

354 1547 399 1588 S.
423 1547 608 1588 Martini·
638 1564 677 1588 a.
702 1547 820 1588 1264.
837 1547 962 1601 facto
995 1549 1143 1601 (Liber
1172 1550 1224 1603 ej.
1246 1550 1374 1603 capit.
1396 1549 1479 1590 LL.
1501 1548 1577 1601 43)
1609 1550 1670 1590 ita
1702 1556 1820 1590 nota-

352 1610 451 1643 tur:
472 1602 620 1643 Istorie
641 1602 1029 1657 Longobardomm,
1051 1603 1217 1644 cronica
1236 1604 1375 1655 Bede;
1404 1605 1481 1645 No
1495 1604 1576 1645 val
1585 1606 1601 1645 i
1610 1606 1773 1646 ciensi
1782 1621 1820 1656 s,

356 1674 381 1698 a
408 1658 560 1700 Carolo
582 1659 631 1699 cle
652 1659 787 1700 Lewis
818 1659 959 1700 adhuc
982 1675 1021 1699 a.
1047 1659 1162 1699 1775.
1193 1661 1311 1700 visus
1341 1665 1377 1700 et
1407 1674 1440 1699 s.
1461 1660 1511 1699 X.
1539 1660 1819 1712 attributus&

354 1714 654 1754 Pataoinus
685 1714 729 1755 S.
759 1714 1000 1764 Johannis,
1045 1729 1164 1769 quem
1208 1714 1329 1769 affert
1368 1714 1667 1769 sslontfaucon,
1707 1715 1820 1756 Bibl.

356 1770 389 1819 Ι,
416 1784 462 1823 p.
493 1768 599 1810 485:
628 1767 749 1809 Pauli
778 1769 957 1810 Diaconi
987 1768 1158 1810 historia
1198 1770 1331 1822 (iclem
1348 1769 1540 1824 fortasse
1572 1772 1646 1825 qui
1675 1771 1714 1810 A
1745 1772 1769 1812 6
1771 1774 1819 1823 ),·

358 1825 657 1865 Ticinensis
688 1826 734 1865 in
756 1825 1001 1866 bibliotheca
1029 1825 1327 1877 Vicecomttum,
1350 1827 1472 1881 cujus
1493 1827 1716 1880 cataloqus
1736 1832 1820 1868 tres

356 1886 549 1931 recenset,
566 1894 745 1933 quorum
763 1880 790 1920 (Ζ
796 1895 870 1920 uos
886 1882 996 1921 inter
1013 1881 1280 1922 Parisienses
1296 1883 1483 1936 reperire
1495 1881 1588 1922 licet
1605 1885 1664 1934 (v.
1682 1896 1820 1936 supra

350 1950 397 1990 p.
427 1937 493 1987 35,
524 1936 635 1975 1³2³.
666 1936 707 1976 F
729 1935 830 1988 ΞΜ),
860 1938 1007 1977 tertius
1035 1936 1273 1977 Jorclanem
1302 1943 1339 1977 et
1367 1937 1552 1978 Paulum
1580 1937 1821 1978 continebat

356 1991 624 2043 (Bethmann
650 1990 845 2046 fortasse
876 1992 1053 2032 eunclem
1083 2006 1167 2033 esse
1199 1993 1402 2046 opinatus
1431 1998 1489 2032 est
1519 1993 1592 2047 qui
1626 1994 1672 2034 in
1705 1999 1819 2033 cata-

359 2098 394 2139 1)
422 2098 475 2130 De
501 2097 663 2130 Urbinate
686 2098 752 2130 Nr.
770 2098 838 2129 413
859 2110 889 2131 v.
909 2098 1002 2131 ch.
1106 2098 1142 2141 2)
1168 2098 1347 2130 Anectlota
1372 2110 1485 2136 sacra,
1519 2098 1684 2130 Taurinis
1715 2100 1817 2138 1789,

357 2146 388 2178 Ι.
411 2146 528 2189 praef.
555 2147 611 2186 34,
646 2145 704 2178 ubi
737 2145 788 2178 ita
820 2146 861 2179 cle
895 2158 932 2179 eo
965 2147 1090 2188 refert:
1131 2147 1278 2179 ‘membr.
1305 2158 1332 2180 s.
1359 2146 1401 2178 X.
1428 2145 1464 2178 in
1488 2146 1662 2189 principio
1695 2147 1819 2179 desunt

354 2195 527 2237 quaedam
547 2193 703 2237 paginae
766 2194 912 2227 Insunt.-
948 2193 1119 2228 orationes
1153 2194 1301 2233 missae,-
1336 2193 1371 2227 S.
1399 2194 1607 2237 Bonifacius
1634 2196 1676 2227 de
1696 2195 1818 2237 poeni-

355 2242 482 2281 tentia‚·
521 2242 698 2286 Remigius
726 2242 978 2276 Noralieiensis
1015 2243 1057 2276 cle
1088 2243 1138 2287 Os]
1164 2248 1193 2276 et
1220 2243 1346 2286 Mayoq
1378 2254 1461 2275 num
1494 2243 1560 2276 sint
1594 2243 1724 2286 Unyari
1759 2244 1819 2286 qui

356 2291 508 2323 Galliam
527 2291 738 2331 invaserunt,
765 2292 811 2323 acl
837 2291 1086 2324 Virclunensem
1103 2291 1317 2334 episcopu7n5
1344 2292 1385 2324 (le
1405 2291 1612 2335 ambiqe=72is5
1638 2292 1680 2325 cle
1699 2303 1819 2324 aroma

355 2340 503 2383 ejusdem
531 2339 699 2382 Bemiyz'k
737 2339 947 2382 epitaphium
973 2339 1166 2379 Ambrosi=i;
1204 2340 1323 2372 Beclae
1348 2339 1420 2372 vita
1446 2339 1484 2372 S.
1514 2339 1691 2383 Greyorii,·
1732 2339 1818 2382 Epi-

355 2387 515 2430 taphium
540 2388 719 2420 Brunonis
746 2387 1014 2430 archiepiscopi,·
1041 2389 1083 2421 cle
1114 2387 1320 2430 Theophil05
1346 2387 1532 2431 Augustini
1557 2400 1687 2427 sermo‚·
1721 2388 1818 2421 Vitae

356 2435 423 2469 SS.
463 2436 601 2468 Mariae
639 2435 883 2479 Aeqyptstwae,
922 2436 1097 2479 Pelayz'a&
1137 2436 1311 2475 Marinae,
1350 2436 1550 2479 Eufrosiae,
1593 2435 1818 2475 Catherinae,·

362 2483 562 2517 Translatio
588 2484 626 2517 S.
652 2484 852 2523 Beneclieti5
876 2484 1113 2528 Hieronymus
1141 2485 1187 2517 acl
1212 2485 1384 2524 Paulam
1418 2484 1647 2528 Amphilochii
1674 2488 1752 2517 acta
1777 2483 1816 2516 S.

357 2532 505 2572 Basilii‚·
538 2533 617 2565 Vita
643 2533 679 2565 S.
706 2532 931 2575 Hieronymss·
965 2532 1043 2566 Vita
1063 2533 1101 2566 S.
1119 2532 1283 2575 Dionysii
1308 2532 1472 2571 Mediol.;
1497 2534 1572 2565 Ine.
1599 2538 1698 2575 gesta
1725 2533 1816 2564 Lan-

357 2581 590 2623 gobardorum
620 2592 806 2623 eorumque
835 2583 1015 2623 originem.
1066 2583 1141 2614 Ine.
1169 2582 1323 2624 capitula
1349 2582 1428 2613 libri
1453 2582 1564 2624 primi.
1616 2579 1721 2612 Liber
1745 2580 1817 2622 pri-

358 2640 431 2661 mus
458 2630 641 2671 completus
669 2635 735 2668 est,·
762 2629 846 2662 liber
871 2630 1043 2661 secundus
1070 2641 1177 2672 usque
1205 2630 1252 2661 acl
1278 2641 1352 2672 cap.
1382 2631 1437 2661 17.
1463 2633 1493 2661 et
1519 2634 1586 2661 tres
1606 2628 1817 2670 posteriores

356 2675 571 2720 inteliyz'biles
599 2677 646 2718 (52)
675 2676 776 2711 sunt'.
825 2677 960 2710 Eadem:
974 2679 1056 2719 fere
1080 2677 1118 2709 in
1142 2677 1324 2719 Excerptis
1349 2676 1475 2709 Lewz'si
1505 2687 1613 2708 manu
1635 2676 1746 2718 factis
1779 2676 1817 2708 in

356 2725 458 2758 Arch.
491 2725 636 2758 Taurin.
663 2724 841 2763 (Archivio
869 2725 946 2758 clell'
974 2725 1198 2766 Economato)
1227 2726 1398 2768 leguntur.
1449 2725 1621 2757 BETHM.
