1852 3141
114 639 179 664 701.

191 125 261 156 220
386 124 530 156 PAULI
558 122 785 155 HISTORIA
816 120 1260 154 LANGOBARDORUM.
1312 121 1405 154 LIB.
1433 121 1496 154 VI.

191 236 227 276 T
231 235 527 284 aiu-iliensium,
560 239 712 287 quema
744 231 954 286 quondam
985 245 1059 271 rex
1082 229 1338 285 Godipertus
1350 233 1379 283 b,
1413 246 1506 273 cum
1538 234 1672 274 extin-

191 296 391 345 gueretur
428 297 478 328 ac
520 286 780 338 Grimualdo,
820 285 1072 340 reliqueratd
1119 286 1381 341 parvolum⁶²‚
1418 288 1470 330 de
1509 304 1592 343 quo
1631 295 1671 330 et

192 345 385 400 superius
430 344 664 395 ‹liximus¹‚
710 357 804 382 culn
850 341 990 381 valida
1034 341 1191 381 manuf
1242 343 1425 395 veniens,
1469 344 1671 385 adversus

193 399 490 455 Ansprandunl
537 405 577 439 et
614 397 835 439 Rotharitss'
871 397 1219 451 Bcrgmncnsium
1262 397 1412 438 ducem
1457 407 1560 454 aput
1588 400 1672 441 No-

192 456 357 497 varias¹¹
403 453 610 506 conflixit,
667 468 821 508 eosque
866 454 907 493 in
952 453 1119 508 campoi
1175 467 1451 508 exsuperans,
1495 470 1672 510 regnum

193 510 572 565 Langobardorum
602 510 767 550 invasit.
828 508 911 549 sed
942 508 1089 549 eodeni
1119 523 1228 548 anno
1258 516 1447 549 mortuns
1478 516 1551 551 est.

310 567 404 607 192<
464 566 584 606 Timc
628 564 737 605 filius
775 564 863 604 eius
898 564 1067 618 Aripert
1102 565 1273 605 iterum¹
1314 563 1467 605 bellum
1507 580 1671 621 parans,

194 623 401 678 pugnavit
419 636 513 661 cuin
534 621 753 675 Liutperto
774 635 872 673 rege
888 628 990 675 aput
1006 620 1199 660 Ticinum
1217 635 1397 675 cumque
1420 620 1672 676 Ansprando

194 685 235 719 et
255 679 422 718 Atonem
445 685 485 718 et
506 677 710 717 Tatzonen
739 690 903 716 necnon
924 684 963 716 ct
983 675 1199 717 Rotharit⁰
1231 691 1279 716 ac
1302 676 1529 718 Faraonev.
1589 677 1674 718 Sed

193 749 337 774 omnes
368 733 472 773 hosq
510 731 618 773 bello
648 746 919 786 exsuperans,
958 731 1221 786 Liutpcrtum
1253 731 1501 773 infantulum
1529 734 1673 773 vivum

191 791 234 830 in
250 788 358 830 bello
373 797 386 814 ¹‘
404 787 704 843 conprehendit
716 795 743 827 2.
780 788 1006 842 Ansprand
1025 802 1189 842 quoquc
1205 788 1382 842 fugiens,
1408 789 1452 828 in
1468 788 1673 829 insulan]s

192 860 236 886 se
268 844 588 886 Commacinam
620 844 894 884 coninunivit.

306 901 373 941 20.
430 899 487 940 At
516 914 616 940 vcro
647 898 860 940 Rotharitt
901 898 986 938 dux
1018 899 1272 951 Bergnmum
1311 899 1523 940 civitatem
1554 913 1673 939 suam

190 956 380 1005 rediens,
424 970 600 1009 regnum
640 955 829 1009 arripuit.
904 953 1059 994 Contra
1099 950 1223 1009 (jur-m
1261 969 1336 995 rex
1370 955 1541 1010 Aripert
1576 969 1672 995 cum

191 1019 375 1066 magnou
412 1011 600 1052 exercitu
636 1011 918 1065 proficiscens,
954 1020 1193 1065 expugnata
1233 1011 1413 1065 primum
1449 1018 1488 1051 ct
1523 1018 1674 1066 eaptav

191 1067 336 1108 Laude
349 1076 387 1118 W,
432 1067 687 1118 Bergamum
731 1065 945 1117 obscditx,
1000 1074 1207 1120 emnque's'
1253 1080 1346 1106 cum
1390 1067 1589 1107 arietibus
1634 1073 1674 1108 et

193 1122 370 1163 diversis
401 1121 498 1162 belli
513 1118 534 1147 z'
562 1121 795 1161 machinis*
835 1121 922 1161 sine
963 1120 1100 1176 aliqua
1142 1121 1384 1163 difficultate
1423 1137 1673 1178 expugnans

234 1212 263 1253 *')
291 1211 327 1243 id
356 1216 408 1243 est
435 1222 514 1243 cum
543 1211 715 1243 manculis
744 1211 826 1243 aclcl.
855 1212 883 1242 L
915 1213 944 1243 l.

192 1295 221 1328 a)
245 1303 302 1327 que
323 1296 346 1320 F
372 1298 396 1321 1.
422 1296 448 1320 G
471 1298 496 1320 1.
523 1295 560 1320 2?
640 1295 670 1327 b)
695 1295 824 1327 Gondip.
852 1295 876 1320 G
898 1297 936 1326 43
960 1295 1093 1327 Gundip.
1117 1295 1141 1319 G
1164 1295 1196 1327 33
1221 1296 1336 1328 Godep.
1359 1297 1385 1322 D
1409 1297 1440 1327 3;
1477 1296 1583 1323 Godib.
1606 1297 1620 1322 Ι
1642 1299 1674 1327 1;

193 1336 306 1361 (ιοάρὶ).
340 1336 366 1359 D
391 1336 416 1360 2.
519 1339 544 1364 c)
569 1335 605 1358 :ul
639 1335 664 1359 G
689 1336 711 1360 1.
736 1336 767 1365 23
799 1338 871 1366 aput
896 1334 1105 1360 Grimualdum
1131 1334 1156 1359 Gr
1178 1335 1204 1360 3.
1305 1334 1335 1367 (ἰ)
1359 1337 1469 1366 relinq.
1502 1335 1528 1361 G
1550 1337 1573 1361 l.
1599 1337 1622 1361 2.
1645 1337 1672 1361 3.

193 1374 220 1406 e)
247 1375 283 1398 ita
307 1374 332 1398 A
357 1376 382 1398 1.
406 1375 428 1398 F
454 1376 479 1399 1.
504 1374 528 1398 G
554 1375 578 1398 1.
605 1375 629 1398 2.
732 1373 754 1405 f)
778 1381 899 1398 manum
934 1375 953 1398 1³
979 1376 1003 1398 1.
1105 1372 1134 1405 g)
1158 1374 1306 1398 Rottharit
1328 1376 1353 1399 A
1377 1376 1410 1406 2?
1431 1375 1570 1400 Rotthari
1593 1375 1619 1400 G
1639 1376 1672 1406 43

192 1414 350 1438 RoxhariF
367 1414 391 1439 Ι,
414 1413 482 1444 alii3
504 1413 539 1444 cf.
564 1420 651 1443 supra
671 1420 702 1444 p.
718 1413 772 1437 208
796 1421 822 1439 η.
839 1421 864 1439 Ζ,
879 1428 910 1431 —
924 1413 1205 1443 BergomenuumA
1219 1414 1250 1444 23
1273 1414 1363 1444 Verg.
1384 1415 1406 1438 F
1421 1416 1446 1439 l.
1507 1412 1538 1445 h)
1561 1415 1672 1439 Navar-

191 1454 214 1478 F
239 1455 263 1477 1.
288 1452 312 1477 G
336 1454 360 1477 1.
385 1454 411 1477 4.
514 1452 535 1483 i)
561 1459 698 1483 campum
723 1452 747 1477 G
771 1452 803 1483 33
827 1453 941 1484 campis
964 1452 990 1476 A
1013 1453 1039 1477 3.
1065 1467 1098 1470 —
1122 1459 1286 1483 exsuperas
1308 1453 1331 1477 F
1356 1454 1381 1478 1.
1481 1452 1512 1485 k)
1535 1453 1585 1477 hoc
1605 1461 1668 1485 cap.

187 1492 367 1524 praecedenti
388 1492 515 1522 adjungis
540 1490 565 1515 G
588 1492 631 1516 ὃς.
722 1490 743 1523 ])
767 1492 837 1515 dees?
860 1491 885 1516 A
909 1493 938 1521 23
963 1496 993 1516 ut
1015 1492 1042 1516 b.
1066 1495 1176 1522 parant
1198 1491 1224 1516 G
1246 1491 1272 1517 3.
1295 1493 1323 1517 4.
1410 1491 1451 1523 m)
1476 1492 1574 1517 Atone
1596 1500 1670 1517 corr.

191 1532 304 1556 Attone
326 1532 352 1555 D
378 1532 401 1560 1,
425 1534 448 1554 et
470 1532 508 1554 ita
533 1530 554 1556 C
580 1531 605 1555 2.
630 1531 655 1554 D
680 1531 705 1556 2.
730 1531 763 1561 43
794 1532 904 1555 Attano
927 1531 953 1554 D
977 1531 1009 1561 ὃς
1039 1530 1188 1554 Atoonem
1212 1530 1233 1555 C
1258 1533 1289 1561 13
1320 1531 1462 1555 Attonem
1484 1531 1497 1555 1
1522 1533 1551 1562 13
1573 1531 1671 1556 Otone

192 1570 218 1594 A
239 1570 264 1596 4.
289 1570 309 1595 C
334 1569 374 1594 ’1.
400 1569 425 1594 G
449 1571 474 1594 1.
496 1571 521 1594 2.
544 1569 572 1593 Η
597 1571 627 1600 1;
660 1569 788 1595 Otonem
810 1571 833 1594 Ε
859 1572 890 1600 1;
923 1570 1040 1594 Othone
1061 1570 1084 1594 B
1109 1570 1143 1600 2;
1176 1570 1284 1595 Ottone
1306 1571 1328 1594 F
1352 1571 1385 1601 15
1419 1570 1548 1595 otthone
1571 1570 1596 1595 G
1618 1571 1673 1601 δας

193 1609 308 1634 Totone
331 1610 353 1633 F
377 1608 402 1634 5.
504 1607 534 1639 n)
558 1609 680 1633 Tazone
714 1609 736 1632 F
760 1610 785 1635 5.
809 1609 833 1633 G
857 1609 883 1633 3.
907 1610 940 1639 43
970 1610 1121 1633 Tazonem
1143 1609 1168 1634 Ε
1192 1610 1224 1639 1;
1258 1610 1375 1634 Tatone
1412 1609 1432 1635 C
1455 1610 1508 1640 4b3
1541 1609 1670 1634 Tattone

194 1648 219 1673 G
242 1649 331 1679 5a.c;
354 1650 382 1672 et
405 1648 437 1673 T.
460 1648 514 1672 deS.
541 1647 571 1672 C.
595 1648 634 1672 D.
657 1648 671 1672 Ι
694 1649 718 1672 1.
813 1647 841 1679 o)
864 1648 1015 1672 Rottharit
1046 1647 1071 1671 G
1094 1650 1107 1672 1
1132 1648 1182 1672 hoc
1201 1649 1270 1673 Ioco.
1363 1647 1394 1680 p)
1416 1648 1575 1673 Pharaone
1596 1649 1622 1673 A
1645 1649 1671 1674 3.

192 1688 215 1712 F
238 1688 264 1712 5.
290 1687 315 1711 G
338 1688 387 1718 5c3
410 1687 528 1711 Farone
552 1686 582 1711 C.
606 1687 650 1717 D3
672 1686 811 1712 Pharone
833 1687 861 1711 H
885 1689 914 1718 13
935 1688 1085 1712 Fal-onem
1108 1688 1121 1711 Ι
1144 1688 1170 1712 1.
1261 1686 1291 1719 q)
1314 1694 1368 1719 pos
1390 1688 1485 1712 bellos
1506 1695 1580 1713 corr.
1602 1688 1672 1712 illos

192 1726 276 1751 bello
298 1727 320 1750 F
345 1728 368 1751 1.
469 1726 493 1757 r)
514 1726 629 1750 bellum
653 1729 672 1747 ι·
702 1727 727 1750 2.
830 1726 855 1757 s)
880 1727 956 1750 silva
978 1734 1009 1751 se
1033 1726 1193 1751 Comatina
1216 1725 1241 1750 G
1263 1727 1313 1757 503
1346 1726 1571 1751 Cummacinam
1595 1726 1616 1751 C
1641 1728 1670 1757 1;

194 1765 388 1790 Comacinam
410 1765 433 1789 F
457 1766 488 1795 13
520 1765 741 1789 Commatinam
775 1765 799 1789 G
823 1767 848 1789 1.
872 1768 898 1790 ze.
1007 1764 1029 1797 ι)
1052 1765 1201 1789 Rottharit
1231 1765 1255 1789 F
1279 1768 1292 1790 1
1325 1766 1465 1791 hocloco.
1575 1764 1606 1796 u)
1630 1773 1669 1789 na

193 1805 325 1829 exercito
348 1805 369 1828 F
394 1806 421 1829 1.
504 1805 532 1830 v)
558 1807 644 1835 capto
666 1804 689 1828 F
714 1806 739 1829 1.
830 1804 869 1835 w)
891 1804 997 1828 Lauda
1017 1805 1041 1828 B
1066 1806 1110 1829 1a.
1134 1804 1160 1828 D
1184 1804 1199 1828 3
1223 1807 1246 1828 et
1267 1811 1280 1828 e
1301 1811 1374 1831 corr,
1398 1803 1423 1829 G
1445 1805 1472 1828 4.
1563 1803 1594 1835 x)
1619 1804 1669 1828 ob-

193 1843 271 1867 sidet
291 1844 314 1867 F
339 1845 363 1867 1.
446 1841 476 1874 y)
501 1849 596 1873 eaque
621 1842 646 1867 G
671 1845 695 1866 1.
777 1840 804 1873 z)
828 1842 915 1867 bellis
938 1842 959 1868 C
985 1844 1009 1868 l.
1032 1842 1057 1867 G
1082 1843 1163 1866 1-3.

196 1917 232 1959 1)
261 1917 327 1957 IV,
357 1918 412 1949 51.
524 1917 560 1951 2¹)
586 1916 716 1959 Pussna
748 1916 831 1948 haec
864 1917 1019 1958 Arz'pertc'
1052 1918 1154 1960 liujus
1190 1916 1335 1949 nominis
1371 1917 1424 1950 II.
1459 1916 1668 1960 Lanyobar-

193 1966 318 1998 (lorum
345 1965 435 2008 regis
463 1965 601 2008 ejusque
627 1965 670 1997 cle
698 1963 879 2006 Liutperto
908 1977 984 2008 resse
1018 1966 1161 1997 victoria
1189 1966 1297 1997 lucem
1324 1966 1448 2008 accipit
1474 1977 1515 1998 ez·
1542 1965 1613 1998 vita
1639 1978 1667 1998 s.

193 2014 313 2046 Boniti
348 2014 544 2055 esepiscopi
575 2013 814 2052 Arvernensz's,
855 2019 885 2045 et
924 2014 978 2045 hic
1018 2014 1064 2045 acl
1103 2013 1293 2046 uberiorem
1331 2014 1496 2046 historiae
1533 2015 1667 2056 copiam

194 2062 404 2094 transscribo
433 2063 476 2101 (c.
505 2063 561 2100 24,
589 2062 642 2094 ecl.
688 2061 871 2101 ΔΊῘαῦἱῖῖοη,
897 2060 985 2093 Acta.
1013 2062 1086 2101 III,
1116 2064 1146 2101 1,
1169 2074 1206 2104 p.
1234 2063 1316 2105 96):
1343 2063 1507 2105 Denique
1535 2065 1570 2094 in
1595 2065 1667 2094 Ita-

193 2111 276 2142 liam
303 2112 481 2152 ingressns
510 2111 702 2150 (Bonitus),
731 2121 751 2141 a
779 2121 861 2150 rege
889 2111 1202 2152 Longobardorum
1231 2115 1264 2143 et
1297 2111 1421 2142 devote
1448 2115 1482 2142 et
1509 2115 1668 2143 amanter

194 2164 361 2201 aceeptus
389 2163 459 2199 est;
498 2161 556 2200 qui
584 2169 661 2190 cum
687 2160 753 2190 viri
780 2160 848 2190 Dei
876 2159 1058 2201 colloquiis
1093 2160 1273 2199 frueretur,
1309 2161 1445 2191 audivit
1478 2159 1522 2191 ad
1549 2170 1587 2191 se
1613 2170 1667 2190 re-

193 2208 286 2248 ferri,
324 2209 447 2240 urbem
487 2207 682 2248 (Ticinum)
724 2208 766 2239 ab
808 2209 962 2239 exercitu
1002 2208 1167 2240 obsideri.
1231 2209 1276 2240 At
1305 2208 1366 2240 ille
1398 2218 1476 2239 mox
1508 2207 1666 2248 exiliens,

193 2257 292 2288 iubet
325 2267 405 2288 suos
441 2267 537 2287 arma
573 2267 756 2299 capessere
792 2267 981 2298 secumque
1018 2261 1138 2288 eontra
1172 2256 1290 2288 hostes
1327 2256 1552 2288 dimicaturos
1588 2267 1665 2288 esse

193 2309 334 2347 paratos
360 2305 405 2337 ad
432 2315 598 2346 pugnam.
650 2304 847 2336 Conversus
866 2309 980 2336 autem
1010 2305 1185 2337 humiliter
1200 2305 1245 2336 ad
1270 2306 1381 2336 virum
1400 2306 1485 2337 Dei:
1514 2305 1665 2344 ‘Quaeso

193 2358 228 2385 te
254 2353 374 2395 pater’‚
402 2354 525 2395 inquit,
554 2354 603 2385 ‘ut
627 2364 689 2396 pro
718 2364 772 2385 me
799 2354 950 2385 Domino
976 2364 1099 2395 preces
1126 2353 1260 2385 offeras.
1311 2354 1400 2384 Nam
1419 2353 1504 2385 mihi
1530 2364 1584 2385 res
1612 2357 1666 2385 est

196 2412 273 2433 cum
309 2402 466 2434 hostibus
501 2402 600 2434 meis.
663 2403 789 2434 Liceat
823 2403 907 2433 mihi
942 2406 1002 2433 tua
1039 2403 1290 2434 intercessione
1326 2413 1367 2433 ex
1401 2402 1471 2434 illis
1509 2402 1666 2444 palmam

193 2450 343 2482 referre'.
395 2451 478 2482 Mox
494 2450 575 2481 inde
602 2451 722 2482 urbem
751 2461 922 2492 egressus,
949 2451 1118 2492 proelium
1139 2460 1215 2482 cuin
1244 2451 1399 2482 hostibus
1424 2451 1514 2482 iniit.
1563 2450 1665 2483 Adeo

194 2509 276 2530 vero
303 2499 460 2540 partibus
485 2499 638 2540 Ariperti
666 2517 707 2521 —-
742 2500 792 2530 ita
826 2500 917 2530 enim
953 2499 1012 2530 ille
1048 2509 1107 2530 rex
1133 2499 1446 2540 Longobardorum
1471 2499 1666 2530 vocabatur

197 2564 236 2568 ——
267 2547 353 2578 favit
377 2548 535 2586 victoria,
561 2551 610 2587 ut,
638 2547 755 2579 multis
783 2548 895 2579 caesis
923 2551 1028 2589 atque
1053 2548 1248 2590 prostratis,
1273 2557 1355 2588 rege
1384 2557 1523 2589 quoque
1549 2548 1586 2578 in
1611 2547 1663 2577 in-

194 2595 299 2635 guine
324 2594 505 2627 vulnerato
533 2600 567 2628 et
595 2601 708 2638 capto,
744 2606 821 2627 cum
857 2606 984 2637 magno
1018 2595 1170 2638 tripudio
1206 2595 1251 2627 ad
1276 2596 1389 2628 virum
1415 2596 1487 2626 Dei
1510 2595 1663 2634 redierit,

196 2643 298 2683 eique
324 2653 384 2684 pro
412 2653 554 2685 precum
580 2644 674 2676 illius
701 2644 874 2685 suffragiis
902 2645 1034 2685 gratias
1061 2655 1180 2686 agens,
1221 2644 1333 2676 denuo
1369 2655 1406 2676 se
1435 2644 1508 2675 eius
1534 2643 1660 2674 oratio-

194 2690 296 2722 nibus
323 2691 575 2724 commendarit
601 2692 708 2724 multa
737 2703 813 2724 cum
840 2692 1036 2725 humilitate
1064 2697 1099 2724 et
1124 2693 1160 2724 in
1186 2703 1294 2734 regno
1321 2703 1382 2724 suo
1414 2701 1471 2723 res
1497 2700 1660 2722 necessa-

192 2738 262 2770 rias
287 2737 340 2769 illi
365 2739 525 2780 praeberi
553 2742 737 2772 curaverit.
788 2740 849 2772 BI.
