1852 3141
250 165 298 197 20
555 163 696 195 PAULI
726 162 954 194 HISTORIA
983 161 1427 195 LANGOBARDORUM.

249 276 436 316 minibus
463 274 725 327 ferebantur
763 274 849 313 sive
889 272 1077 326 sinqutis
1115 273 1218 313 locis
1258 274 1563 314 narrabantur
1594 274 1671 331 (II,
1694 275 1732 315 8.

250 330 422 382 IJI‚32.
463 330 598 381 Vl,{');
636 327 689 381 ef.
726 328 760 378 J,
783 327 873 378 27).
938 327 1078 381 Saepe
1110 328 1168 368 ad
1197 344 1248 369 ea
1283 336 1491 382 provocat
1532 345 1640 384 quae
1678 330 1730 370 ab

251 387 351 428 aliis
382 387 477 426 visa
511 384 713 424 audierat
744 383 802 435 (I,
824 382 862 421 2.
885 381 922 421 6.
947 381 1011 421 13.
1041 381 1100 433 II,
1122 383 1160 423 8.
1198 383 1238 434 V,
1263 383 1351 435 19),
1411 385 1555 425 Etiam
1593 391 1729 426 terra-

249 456 348 482 rum
373 443 500 482 situm
531 452 781 492 coqnoscere
811 444 847 478 et
876 437 1110 478 describere
1139 439 1228 492 ipsi
1257 453 1387 479 curae
1416 446 1496 480 est:
1521 442 1666 495 primo
1698 446 1735 480 et

251 496 436 537 secundo
452 493 710 548 praesertim
731 492 852 545 libro,
875 508 968 533 cum
983 508 1134 547 pauca
1159 493 1209 534 de
1225 494 1348 534 rebus
1369 496 1497 550 ,qestis
1518 492 1736 537 tradenda

251 558 401 602 essent7
433 551 479 590 in
503 551 570 590 liis
592 554 802 589 versatur.
852 548 1027 589 Italiam
1048 550 1225 603 saepius
1246 557 1514 605 pervagatus
1537 577 1586 582 —-
1604 567 1734 605 prae-

251 613 314 647 ter
334 606 535 660 Papiam,
557 604 752 656 Romam,
773 604 1075 656 Beneventum,
1097 609 1225 645 etiam
1246 605 1507 646 Modoetiam
1529 612 1565 646 et
1587 608 1736 646 Astam

253 676 346 702 eum
377 661 560 712 vidisse,
602 659 832 701 verisimile
873 666 931 700 est
969 660 1063 717 (IV,
1094 660 1159 700 22.
1199 660 1239 711 V7
1270 660 1344 712 G);
1384 661 1565 701 Larium
1595 661 1736 702 lacum

252 719 442 758 carmine
481 715 731 757 celebravit¹
764 741 819 745 --
848 716 898 756 de
937 715 1124 756 ecclesiis
1166 716 1349 770 aliisque
1389 716 1602 768 aedificiis
1641 732 1720 757 eon

250 775 427 814 structis
468 772 647 813 notitias
687 771 853 826 collegit
888 771 988 824 (IV,
1009 771 1076 811 48.
1119 771 1160 822 V,
1191 770 1256 814 34.
1288 771 1354 811 36.
1393 771 1457 823 VI,
1492 773 1527 811 1.
1562 771 1623 811 17.
1645 772 1735 823 58).

252 828 553 870 Nihilominus
591 841 688 867 vero
730 827 864 867 multa
895 833 931 866 et
964 828 1118 879 qravia
1158 828 1251 881 ejus
1288 828 1483 867 notitiam
1524 826 1737 883 effugisse,

252 887 507 938 scriptorum
546 883 891 938 Byzantium-um
935 871 1203 937 aliorumque
1232 889 1598 923 monumentorum
1630 898 1739 937 quae

253 945 423 982 eoestant
453 939 722 993 comparatio
755 938 884 978 docet.

365 995 510 1036 Libris
530 995 706 1048 scriptis
727 993 892 1033 Paulus
914 994 977 1034 ita
998 1008 1104 1033 usus
1135 1000 1207 1044 est7
1239 999 1285 1034 ut
1307 1008 1394 1034 non
1416 1008 1518 1034 raro
1540 996 1737 1048 ipsorum

252 1051 381 1092 verba
409 1051 621 1101 retineret7
652 1048 701 1089 id
731 1049 845 1104 quod
868 1050 1129 1103 praesertim
1167 1051 1214 1089 in
1244 1049 1350 1090 locis
1380 1064 1431 1089 eac
1463 1049 1671 1104 Grefsorio
1703 1055 1739 1089 et

252 1107 378 1147 Beda.
401 1105 735 1159 sumtisfactum
755 1104 959 1155 videmus,
993 1103 1099 1145 alibi
1121 1119 1216 1145 vero
1238 1120 1289 1145 ea
1304 1104 1442 1158 paulo
1466 1105 1619 1159 plusve
1645 1120 1735 1144 mu-

252 1169 372 1214 taret,
405 1167 591 1216 augeret.
649 1160 846 1201 Eandem
876 1175 962 1214 qua
990 1161 1037 1200 in
1065 1159 1247 1201 historia
1268 1160 1471 1200 Romana
1503 1176 1570 1201 res
1601 1160 1738 1201 diver-

254 1233 327 1258 sas
357 1219 472 1258 inter
502 1232 544 1257 se
574 1217 829 1269 conjunctas
858 1216 1050 1256 videmus
1078 1215 1313 1256 levitatem²
1352 1216 1419 1256 hic
1457 1215 1738 1270 deprehendi-

252 1288 347 1313 mus
361 1279 390 1313 3.
434 1273 582 1326 Neque
612 1272 661 1312 id
692 1272 817 1324 cavit,
848 1286 900 1311 ne
930 1270 1039 1311 talia
1072 1271 1275 1325 adjiceret
1302 1286 1410 1325 quae
1431 1270 1494 1312 vel
1516 1271 1737 1311 verborum

253 1343 425 1370 sensum
471 1327 695 1368 turbarent
738 1327 799 1367 vel
843 1341 911 1366 res
954 1326 1081 1366 aliter
1123 1327 1413 1381 disponerent.
1486 1327 1737 1380 Temporum

255 1385 450 1425 ordinem
477 1397 641 1437 parum
670 1388 806 1422 curat.
871 1381 990 1428 Quae
1020 1382 1159 1436 qentis
1190 1397 1295 1422 suae
1323 1381 1489 1435 yloriae
1510 1383 1640 1421 nimis
1663 1382 1737 1422 ad-

252 1441 422 1481 versari
452 1438 711 1479 videbantur
741 1436 909 1477 silentio
941 1438 1189 1490 praeterit4.
1247 1437 1465 1477 Ecclesiae
1506 1437 1739 1477 catholicae

255 1495 456 1536 addictus
495 1493 829 1534 Tlieodelindam
867 1492 1059 1543 celebrat,
1097 1494 1223 1547 cujus
1262 1493 1426 1533 meritis
1455 1492 1740 1547 Lanyobardi

255 1555 296 1590 ‘a
336 1550 590 1605 finalitatis
630 1549 785 1589 errore’
830 1548 889 1588 ad
932 1547 1188 1588 catholicam
1222 1547 1356 1599 fidem
1401 1554 1502 1588 sunt
1546 1549 1740 1588 conversi

256 1606 355 1659 (IV,
387 1606 449 1657 G),
480 1620 566 1645 ‘non
598 1610 737 1644 tamen
771 1603 967 1643 acerbius
999 1604 1265 1657 antiquiores
1300 1605 1486 1657 eastiycit
1514 1618 1632 1658 reyes
1664 1604 1739 1658 qui

243 1662 379 1715 fldem
410 1660 730 1715 profitebantur
767 1658 998 1699 Arianam.
1058 1659 1301 1700 Rarissime
1323 1659 1543 1713 judicium
1573 1659 1737 1712 prodit7·

256 1731 389 1772 aequo
432 1717 577 1756 animo
618 1729 684 1755 res
726 1729 753 1754 a
789 1729 831 1754 se
868 1720 1051 1755 remotas
1076 1715 1378 1769 pe⁷·st7’in9it⁵.
1437 1714 1582 1754 Nimis
1599 1713 1736 1768 fabu-

254 1772 347 1813 losa
383 1772 589 1826 respuitss,
624 1769 815 1822 fideliter
855 1783 952 1810 vero
992 1783 1098 1824 quae
1140 1784 1191 1810 eoe
1223 1784 1294 1810 ore
1326 1768 1544 1824 populari
1573 1770 1737 1823 aceepit

253 1827 495 1869 reddidisse
525 1826 707 1866 videtur.

128 1890 178 1924 ‘p-
195 1893 240 1918 27Ι
366 1886 379 1900 *
392 1882 608 1923 Narratio
630 1881 697 1921 liis
712 1880 970 1934 praesertim
983 1879 1189 1934 partibus
1209 1880 1402 1921 vivacior
1423 1895 1552 1934 quam
1573 1880 1737 1933 verior,-

254 1952 580 1992 nonnumquam
610 1936 852 1977 carminum
883 1936 1159 1990 antiquorum
1189 1935 1371 1975 relatum
1394 1936 1548 1976 audire
1571 1935 1736 1975 credas,

376 1993 536 2034 Veteres
569 1998 762 2033 auctores
789 2006 876 2032 non
897 1990 1048 2031 multos
1070 1989 1192 2044 affert
1214 2005 1346 2045 neque
1367 2006 1572 2045 maynam
1593 2005 1737 2031 eorum

255 2102 290 2141 1)
331 2100 370 2133 Ζ.
399 2100 434 2142 f.
475 2100 522 2132 D.
562 2098 631 2131 Alt.
671 2098 759 2138 XII,
785 2110 822 2140 p.
842 2099 925 2131 451.
989 2098 1132 2130 Dahnio
1172 2096 1336 2130 assentiri
1360 2108 1502 2139 nequeo,
1530 2098 1590 2138 qui
1610 2109 1648 2138 p.
1679 2098 1734 2130 66.

253 2149 315 2181 hoc
341 2159 480 2181 carmen
506 2147 613 2179 Pauli
652 2158 723 2180 esse
748 2153 865 2190 neyat.
967 2146 1003 2187 2)
1040 2146 1077 2178 V.
1117 2157 1206 2187 quae
1240 2145 1364 2177 Bauelz
1400 2145 1642 2178 dissertatione
1669 2157 1736 2178 sua

247 2209 287 2239 p.
316 2198 373 2228 64.
402 2197 444 2229 de
472 2196 634 2228 Romana
661 2195 819 2237 exposuit
845 2194 1002 2227 historia.
1056 2194 1176 2235 Neque
1200 2192 1332 2225 Oeclzsli
1350 2205 1390 2235 p.
1420 2193 1477 2226 58.
1506 2200 1535 2226 et
1562 2194 1735 2236 Droysen,

253 2245 397 2277 Forscli.
433 2244 512 2284 XV,
544 2255 583 2285 p.
622 2244 701 2283 175,
734 2243 818 2275 milii
852 2242 924 2274 alia
950 2242 1168 2284 persuadere
1196 2247 1401 2283 potuerunt.
1511 2244 1548 2283 3)
1577 2242 1734 2285 Singulis

253 2294 334 2325 Iocis
371 2293 454 2325 baec
486 2292 693 2324 annotanda
719 2291 818 2324 dumi.
918 2290 957 2333 4)
984 2290 1183 2322 Bethmann
1214 2302 1254 2332 p.
1284 2290 1364 2322 ⁴285.
1402 2290 1582 2333 beniqnius
1619 2291 1662 2322 de
1697 2302 1733 2323 eo

244 2340 426 2384 judicasse
458 2339 606 2372 videtur.
667 2339 788 2381 Neque
820 2339 963 2373 Baudio
998 2339 1036 2370 di
1073 2339 1188 2370 Vesme
1221 2350 1364 2380 prorsus
1398 2339 1559 2371 assentiri
1591 2350 1735 2380 possum

253 2389 399 2422 dicenti:
426 2388 572 2420 ‘Paulus
601 2393 773 2430 spectatae
799 2388 936 2419 omnino
955 2387 1044 2429 fidei
1069 2385 1228 2428 quamvis
1254 2399 1323 2419 non
1350 2398 1482 2428 semper
1507 2386 1590 2419 recti
1606 2386 1738 2430 judicii

253 2436 461 2470 historicus&
586 2435 625 2478 5)
654 2436 752 2475 Quae
779 2436 885 2468 Dalzn
923 2447 958 2477 p.
988 2436 1042 2467 16.
1070 2435 1112 2467 de
1150 2446 1292 2476 operum
1331 2435 1446 2467 indole
1476 2436 1561 2468 dicit
1580 2435 1735 2476 probare

252 2497 395 2528 nequeo.
497 2484 534 2527 6)
562 2483 633 2516 Sed
671 2489 868 2516 sauctorum
903 2482 1082 2515 miraculis
1106 2482 1257 2524 firmiter
1292 2484 1450 2516 eredidit.
1503 2483 1553 2515 Iis
1586 2494 1674 2524 quae
1700 2483 1730 2523 I,

254 2535 311 2566 26.
345 2535 386 2566 de
417 2533 453 2566 S.
482 2533 668 2565 Benedioto
704 2533 796 2564 canit
830 2533 988 2574 conferas
1023 2530 1198 2563 homiliam
1227 2531 1362 2574 (Illiyne
1388 2543 1426 2575 p.
1464 2532 1567 2563 1575.
1606 2532 1731 2571 1579):

253 2583 416 2614 Testatur
442 2583 510 2614 hoe
537 2582 631 2623 quod
658 2581 811 2622 loquitur
836 2592 959 2612 recens
986 2580 1072 2612 illud
1101 2580 1317 2619 miraculum,
1345 2580 1437 2622 quod
1464 2584 1544 2611 ante
1567 2579 1634 2610 hoc
1660 2579 1732 2610 fere

256 2630 464 2662 decennium
485 2634 621 2671 gestum
650 2630 836 2671 multisque
863 2628 1016 2660 vestrfim
1038 2633 1089 2661 est
1117 2629 1306 2669 cognitum,
1335 2632 1466 2659 mutum
1494 2627 1631 2659 seilicet
1649 2631 1731 2659 ante

256 2679 329 2710 eius
356 2679 423 2709 hoc
452 2689 576 2720 corpus
603 2679 878 2709 sacratissimum
906 2677 1012 2709 fuisse
1039 2677 1213 2708 locutum.
1231 2701 1261 2708 ..
1295 2676 1387 2718 quod
1408 2680 1459 2707 est
1486 2675 1729 2706 admirandum

253 2727 506 2765 vehementius,
534 2736 602 2757 non
637 2726 748 2757 solum
782 2725 957 2766 loquelam
990 2726 1176 2767 propriam,
1212 2724 1278 2755 hoe
1307 2727 1358 2755 est
1392 2724 1585 2762 barbaram,
1615 2725 1731 2765 coepit

256 2774 365 2813 effari,
392 2773 454 2805 sed
481 2773 584 2805 simul
612 2773 717 2804 etiam
746 2777 780 2804 et
806 2773 980 2803 Latinam.
