<?xml version="1.0" encoding="UTF-8"?>
<!DOCTYPE html PUBLIC "-//W3C//DTD XHTML 1.0 Transitional//EN"
    "http://www.w3.org/TR/xhtml1/DTD/xhtml1-transitional.dtd">
<html xmlns="http://www.w3.org/1999/xhtml" xml:lang="en" lang="en">
 <head>
  <title>
</title>
<meta http-equiv="Content-Type" content="text/html;charset=utf-8" />
  <meta name='ocr-system' content='tesseract 3.04.00' />
  <meta name='ocr-capabilities' content='ocr_page ocr_carea ocr_par ocr_line ocrx_word'/>
</head>
<body>
  <div class='ocr_page' id='page_1' title='image "./paulihistorialan00paul_0068.png"; bbox 0 0 1852 3141; ppageno 0'>
   <div class='ocr_carea' id='block_1_1' title="bbox 266 132 1559 166">
    <p class='ocr_par' dir='ltr' id='par_1_1' title="bbox 266 132 1559 166">
     <span class='ocr_line' id='line_1_1' title="bbox 266 132 1559 166; baseline 0 -2"><span class='ocrx_word' id='word_1_1' title='bbox 266 134 311 165; x_wconf 88' lang='grc'>60</span> <span class='ocrx_word' id='word_1_2' title='bbox 473 133 619 166; x_wconf 84' lang='lat' dir='ltr'>PAULI</span> <span class='ocrx_word' id='word_1_3' title='bbox 647 133 876 165; x_wconf 80' lang='lat' dir='ltr'>HISTORIA</span> <span class='ocrx_word' id='word_1_4' title='bbox 905 133 1354 166; x_wconf 84' lang='lat' dir='ltr'>LANGOBARDORUM.</span> <span class='ocrx_word' id='word_1_5' title='bbox 1406 132 1501 165; x_wconf 85' lang='lat' dir='ltr'>LIB.</span> <span class='ocrx_word' id='word_1_6' title='bbox 1530 134 1559 164; x_wconf 92' lang='grc' dir='ltr'>Ι.</span> 
     </span>
    </p>
   </div>
   <div class='ocr_carea' id='block_1_2' title="bbox 262 243 1762 1189">
    <p class='ocr_par' dir='ltr' id='par_1_2' title="bbox 262 243 1762 1189">
     <span class='ocr_line' id='line_1_2' title="bbox 265 243 1757 300; baseline -0.001 -15"><span class='ocrx_word' id='word_1_7' title='bbox 265 245 442 300; x_wconf 81' lang='lat' dir='ltr'>adsequi</span> <span class='ocrx_word' id='word_1_8' title='bbox 464 259 548 284; x_wconf 86' lang='lat' dir='ltr'>non</span> <span class='ocrx_word' id='word_1_9' title='bbox 578 244 753 298; x_wconf 79' lang='lat' dir='ltr'>possint,</span> <span class='ocrx_word' id='word_1_10' title='bbox 784 243 1004 298; x_wconf 85' lang='lat' dir='ltr'>proprium</span> <span class='ocrx_word' id='word_1_11' title='bbox 1026 250 1172 297; x_wconf 85' lang='lat' dir='ltr'>potare</span> <span class='ocrx_word' id='word_1_12' title='bbox 1195 258 1400 286; x_wconf 85' lang='lat' dir='ltr'>eruorem.</span> <span class='ocrx_word' id='word_1_13' title='bbox 1459 244 1628 300; x_wconf 70' lang='lat' dir='ltr'>thuea</span> <span class='ocrx_word' id='word_1_14' title='bbox 1658 243 1757 284; x_wconf 86' lang='lat' dir='ltr'>huie</span> 
     </span>
     <span class='ocr_line' id='line_1_3' title="bbox 265 298 1755 355; baseline -0.001 -14"><span class='ocrx_word' id='word_1_15' title='bbox 265 299 494 341; x_wconf 88' lang='lat' dir='ltr'>adsertioni</span> <span class='ocrx_word' id='word_1_16' title='bbox 532 299 658 339; x_wconf 87' lang='lat' dir='ltr'>fidem</span> <span class='ocrx_word' id='word_1_17' title='bbox 699 298 896 349; x_wconf 80' lang='lat' dir='ltr'>facerent,</span> <span class='ocrx_word' id='word_1_18' title='bbox 934 298 1140 352; x_wconf 83' lang='lat' dir='ltr'>ampliant</span> <span class='ocrx_word' id='word_1_19' title='bbox 1168 301 1344 341; x_wconf 87' lang='lat' dir='ltr'>tentoria</span> <span class='ocrx_word' id='word_1_20' title='bbox 1383 299 1671 355; x_wconf 85' lang='lat' dir='ltr'>plurimosque</span> <span class='ocrx_word' id='word_1_21' title='bbox 1713 301 1755 339; x_wconf 90' lang='lat' dir='ltr'>in</span> 
     </span>
     <span class='ocr_line' id='line_1_4' title="bbox 266 353 1755 410; baseline -0.001 -14"><span class='ocrx_word' id='word_1_22' title='bbox 266 357 414 397; x_wconf 84' lang='lat' dir='ltr'>eastris</span> <span class='ocrx_word' id='word_1_23' title='bbox 436 356 558 410; x_wconf 88' lang='lat' dir='ltr'>ignes</span> <span class='ocrx_word' id='word_1_24' title='bbox 580 353 829 394; x_wconf 86' lang='lat' dir='ltr'>aeeendunt.</span> <span class='ocrx_word' id='word_1_25' title='bbox 880 353 960 393; x_wconf 81' lang='lat' dir='ltr'>His</span> <span class='ocrx_word' id='word_1_26' title='bbox 990 353 1130 394; x_wconf 87' lang='lat' dir='ltr'>hostes</span> <span class='ocrx_word' id='word_1_27' title='bbox 1160 355 1315 396; x_wconf 86' lang='lat' dir='ltr'>auditis</span> <span class='ocrx_word' id='word_1_28' title='bbox 1346 356 1560 410; x_wconf 75' lang='lat' dir='ltr'>visisqueb</span> <span class='ocrx_word' id='word_1_29' title='bbox 1595 354 1755 396; x_wconf 76' lang='lat' dir='ltr'>creduli</span> 
     </span>
     <span class='ocr_line' id='line_1_5' title="bbox 264 407 1710 465; baseline 0 -13"><span class='ocrx_word' id='word_1_30' title='bbox 264 411 415 462; x_wconf 84' lang='lat' dir='ltr'>effecti,</span> <span class='ocrx_word' id='word_1_31' title='bbox 447 409 602 451; x_wconf 86' lang='lat' dir='ltr'>bellum</span> <span class='ocrx_word' id='word_1_32' title='bbox 633 408 747 463; x_wconf 85' lang='lat' dir='ltr'>quod</span> <span class='ocrx_word' id='word_1_33' title='bbox 776 407 1048 449; x_wconf 78' lang='lat' dir='ltr'>minabantur</span> <span class='ocrx_word' id='word_1_34' title='bbox 1076 409 1162 449; x_wconf 89' lang='lat' dir='ltr'>iam</span> <span class='ocrx_word' id='word_1_35' title='bbox 1192 416 1398 465; x_wconf 85' lang='lat' dir='ltr'>temptare</span> <span class='ocrx_word' id='word_1_36' title='bbox 1428 426 1513 451; x_wconf 90' lang='lat' dir='ltr'>non</span> <span class='ocrx_word' id='word_1_37' title='bbox 1542 411 1710 452; x_wconf 83' lang='lat' dir='ltr'>audent.</span> 
     </span>
     <span class='ocr_line' id='line_1_6' title="bbox 381 464 1758 519; baseline -0.001 -12"><span class='ocrx_word' id='word_1_38' title='bbox 381 468 474 507; x_wconf 73' lang='lat'>120.</span> <span class='ocrx_word' id='word_1_39' title='bbox 533 464 761 505; x_wconf 87' lang='lat' dir='ltr'>Habebant</span> <span class='ocrx_word' id='word_1_40' title='bbox 790 470 931 505; x_wconf 85' lang='lat' dir='ltr'>tamen</span> <span class='ocrx_word' id='word_1_41' title='bbox 965 465 1080 519; x_wconf 84' lang='lat' dir='ltr'>apud</span> <span class='ocrx_word' id='word_1_42' title='bbox 1121 480 1164 505; x_wconf 91' lang='lat' dir='ltr'>se</span> <span class='ocrx_word' id='word_1_43' title='bbox 1201 465 1337 505; x_wconf 82' lang='lat' dir='ltr'>virum</span> <span class='ocrx_word' id='word_1_44' title='bbox 1374 466 1661 519; x_wconf 86' lang='lat' dir='ltr'>fortissimum,</span> <span class='ocrx_word' id='word_1_45' title='bbox 1706 467 1758 506; x_wconf 88' lang='lat' dir='ltr'>de</span> 
     </span>
     <span class='ocr_line' id='line_1_7' title="bbox 265 519 1758 577; baseline 0.001 -16"><span class='ocrx_word' id='word_1_46' title='bbox 265 522 385 562; x_wconf 85' lang='lat' dir='ltr'>euius</span> <span class='ocrx_word' id='word_1_47' title='bbox 416 519 604 561; x_wconf 85' lang='lat' dir='ltr'>fidebant</span> <span class='ocrx_word' id='word_1_48' title='bbox 632 520 807 572; x_wconf 82' lang='lat' dir='ltr'>viribus,</span> <span class='ocrx_word' id='word_1_49' title='bbox 836 535 962 575; x_wconf 86' lang='lat' dir='ltr'>posse</span> <span class='ocrx_word' id='word_1_50' title='bbox 992 535 1035 560; x_wconf 89' lang='lat' dir='ltr'>se</span> <span class='ocrx_word' id='word_1_51' title='bbox 1071 520 1220 576; x_wconf 75' lang='lat' dir='ltr'>procul</span> <span class='ocrx_word' id='word_1_52' title='bbox 1260 521 1388 562; x_wconf 83' lang='lat' dir='ltr'>dubio</span> <span class='ocrx_word' id='word_1_53' title='bbox 1425 522 1613 576; x_wconf 88' lang='lat' dir='ltr'>optinere</span> <span class='ocrx_word' id='word_1_54' title='bbox 1644 522 1758 577; x_wconf 80' lang='lat' dir='ltr'>quod</span> 
     </span>
     <span class='ocr_line' id='line_1_8' title="bbox 263 575 1758 632; baseline 0.001 -15"><span class='ocrx_word' id='word_1_55' title='bbox 263 576 458 618; x_wconf 75' lang='lat' dir='ltr'>vellentd.</span> <span class='ocrx_word' id='word_1_56' title='bbox 536 575 664 616; x_wconf 86' lang='lat' dir='ltr'>Hune</span> <span class='ocrx_word' id='word_1_57' title='bbox 699 575 834 616; x_wconf 84' lang='lat' dir='ltr'>solum</span> <span class='ocrx_word' id='word_1_58' title='bbox 878 591 956 632; x_wconf 90' lang='lat' dir='ltr'>pro</span> <span class='ocrx_word' id='word_1_59' title='bbox 994 577 1189 618; x_wconf 86' lang='lat' dir='ltr'>omnibus</span> <span class='ocrx_word' id='word_1_60' title='bbox 1235 584 1521 631; x_wconf 79' lang='lat' dir='ltr'>pugnaturum</span> <span class='ocrx_word' id='word_1_61' title='bbox 1557 576 1758 618; x_wconf 81' lang='lat' dir='ltr'>obiciunt.</span> 
     </span>
     <span class='ocr_line' id='line_1_9' title="bbox 262 630 1759 688; baseline 0.001 -16"><span class='ocrx_word' id='word_1_62' title='bbox 262 631 470 674; x_wconf 82' lang='lat' dir='ltr'>Mandant</span> <span class='ocrx_word' id='word_1_63' title='bbox 498 630 804 686; x_wconf 88' lang='lat' dir='ltr'>Langobardis,</span> <span class='ocrx_word' id='word_1_64' title='bbox 837 640 994 672; x_wconf 75' lang='lat' dir='ltr'>unume</span> <span class='ocrx_word' id='word_1_65' title='bbox 1026 646 1151 688; x_wconf 89' lang='lat' dir='ltr'>quem</span> <span class='ocrx_word' id='word_1_66' title='bbox 1172 632 1325 674; x_wconf 87' lang='lat' dir='ltr'>vellent</span> <span class='ocrx_word' id='word_1_67' title='bbox 1345 646 1518 673; x_wconf 88' lang='lat' dir='ltr'>suorum</span> <span class='ocrx_word' id='word_1_68' title='bbox 1534 633 1759 684; x_wconf 77' lang='lat' dir='ltr'>mitterent,</span> 
     </span>
     <span class='ocr_line' id='line_1_10' title="bbox 266 687 1760 742; baseline 0.001 -15"><span class='ocrx_word' id='word_1_69' title='bbox 266 689 337 742; x_wconf 88' lang='lat' dir='ltr'>qui</span> <span class='ocrx_word' id='word_1_70' title='bbox 370 702 466 728; x_wconf 91' lang='lat' dir='ltr'>eum</span> <span class='ocrx_word' id='word_1_71' title='bbox 498 702 547 728; x_wconf 90' lang='lat' dir='ltr'>eo</span> <span class='ocrx_word' id='word_1_72' title='bbox 578 687 633 728; x_wconf 87' lang='lat' dir='ltr'>ad</span> <span class='ocrx_word' id='word_1_73' title='bbox 663 687 874 741; x_wconf 86' lang='lat' dir='ltr'>singulare</span> <span class='ocrx_word' id='word_1_74' title='bbox 907 695 1122 729; x_wconf 78' lang='lat' dir='ltr'>certamen</span> <span class='ocrx_word' id='word_1_75' title='bbox 1161 689 1308 740; x_wconf 87' lang='lat' dir='ltr'>exiret,</span> <span class='ocrx_word' id='word_1_76' title='bbox 1347 703 1396 729; x_wconf 87' lang='lat' dir='ltr'>ea</span> <span class='ocrx_word' id='word_1_77' title='bbox 1435 687 1634 729; x_wconf 77' lang='lat' dir='ltr'>videlieet</span> <span class='ocrx_word' id='word_1_78' title='bbox 1664 702 1760 729; x_wconf 90' lang='lat' dir='ltr'>eon-</span> 
     </span>
     <span class='ocr_line' id='line_1_11' title="bbox 265 743 1760 799; baseline 0 -15"><span class='ocrx_word' id='word_1_79' title='bbox 265 744 438 796; x_wconf 84' lang='lat' dir='ltr'>ditione,</span> <span class='ocrx_word' id='word_1_80' title='bbox 470 750 528 796; x_wconf 90' lang='lat' dir='ltr'>ut,</span> <span class='ocrx_word' id='word_1_81' title='bbox 561 743 620 783; x_wconf 70' lang='lat' dir='ltr'>sif</span> <span class='ocrx_word' id='word_1_82' title='bbox 651 758 751 784; x_wconf 88' lang='lat' dir='ltr'>suus</span> <span class='ocrx_word' id='word_1_83' title='bbox 791 743 967 785; x_wconf 74' lang='lat' dir='ltr'>bellator</span> <span class='ocrx_word' id='word_1_84' title='bbox 996 744 1219 785; x_wconf 77' lang='lat' dir='ltr'>victoriam</span> <span class='ocrx_word' id='word_1_85' title='bbox 1259 751 1440 799; x_wconf 79' lang='lat' dir='ltr'>caperet,</span> <span class='ocrx_word' id='word_1_86' title='bbox 1488 743 1760 798; x_wconf 80' lang='lat' dir='ltr'>Langobardi</span> 
     </span>
     <span class='ocr_line' id='line_1_12' title="bbox 263 798 1761 855; baseline 0 -15"><span class='ocrx_word' id='word_1_87' title='bbox 263 800 413 841; x_wconf 85' lang='lat' dir='ltr'>itinere</span> <span class='ocrx_word' id='word_1_88' title='bbox 435 807 544 855; x_wconf 69' lang='lat' dir='ltr'>quog</span> <span class='ocrx_word' id='word_1_89' title='bbox 575 806 777 840; x_wconf 82' lang='lat' dir='ltr'>venerant</span> <span class='ocrx_word' id='word_1_90' title='bbox 805 799 987 852; x_wconf 64' lang='lat' dir='ltr'>abirent,</span> <span class='ocrx_word' id='word_1_91' title='bbox 1018 800 1083 840; x_wconf 88' lang='lat' dir='ltr'>sin</span> <span class='ocrx_word' id='word_1_92' title='bbox 1111 814 1212 840; x_wconf 86' lang='lat' dir='ltr'>vero</span> <span class='ocrx_word' id='word_1_93' title='bbox 1234 806 1503 855; x_wconf 83' lang='lat' dir='ltr'>superaretur</span> <span class='ocrx_word' id='word_1_94' title='bbox 1533 799 1586 841; x_wconf 87' lang='lat' dir='ltr'>ab</span> <span class='ocrx_word' id='word_1_95' title='bbox 1617 798 1761 851; x_wconf 86' lang='lat' dir='ltr'>altero,</span> 
     </span>
     <span class='ocr_line' id='line_1_13' title="bbox 264 854 1758 910; baseline 0.001 -15"><span class='ocrx_word' id='word_1_96' title='bbox 264 856 379 896; x_wconf 80' lang='lat' dir='ltr'>tumb</span> <span class='ocrx_word' id='word_1_97' title='bbox 412 870 455 896; x_wconf 86' lang='lat' dir='ltr'>se</span> <span class='ocrx_word' id='word_1_98' title='bbox 485 854 778 910; x_wconf 87' lang='lat' dir='ltr'>Langobardis</span> <span class='ocrx_word' id='word_1_99' title='bbox 809 856 1030 896; x_wconf 77' lang='lat' dir='ltr'>transitum</span> <span class='ocrx_word' id='word_1_100' title='bbox 1067 870 1144 910; x_wconf 79' lang='lat' dir='ltr'>per</span> <span class='ocrx_word' id='word_1_101' title='bbox 1181 855 1284 896; x_wconf 86' lang='lat' dir='ltr'>fines</span> <span class='ocrx_word' id='word_1_102' title='bbox 1322 856 1517 910; x_wconf 88' lang='lat' dir='ltr'>proprios</span> <span class='ocrx_word' id='word_1_103' title='bbox 1557 869 1642 895; x_wconf 91' lang='lat' dir='ltr'>non</span> <span class='ocrx_word' id='word_1_104' title='bbox 1690 870 1758 896; x_wconf 83' lang='lat' dir='ltr'>ve-</span> 
     </span>
     <span class='ocr_line' id='line_1_14' title="bbox 264 910 1760 967; baseline -0.001 -15"><span class='ocrx_word' id='word_1_105' title='bbox 264 912 427 952; x_wconf 87' lang='lat' dir='ltr'>tituros.</span> <span class='ocrx_word' id='word_1_106' title='bbox 489 910 682 966; x_wconf 77' lang='lat' dir='ltr'>Cumque</span> <span class='ocrx_word' id='word_1_107' title='bbox 713 910 1004 966; x_wconf 80' lang='lat' dir='ltr'>Langobardi,</span> <span class='ocrx_word' id='word_1_108' title='bbox 1047 926 1171 967; x_wconf 82' lang='lat' dir='ltr'>quem</span> <span class='ocrx_word' id='word_1_109' title='bbox 1210 927 1231 952; x_wconf 89' lang='lat' dir='ltr'>e</span> <span class='ocrx_word' id='word_1_110' title='bbox 1263 912 1347 952; x_wconf 90' lang='lat' dir='ltr'>suis</span> <span class='ocrx_word' id='word_1_111' title='bbox 1388 912 1527 966; x_wconf 88' lang='lat' dir='ltr'>potius</span> <span class='ocrx_word' id='word_1_112' title='bbox 1557 910 1760 951; x_wconf 83' lang='lat' dir='ltr'>adversus</span> 
     </span>
     <span class='ocr_line' id='line_1_15' title="bbox 265 965 1762 1022; baseline -0.001 -15"><span class='ocrx_word' id='word_1_113' title='bbox 265 967 406 1007; x_wconf 90' lang='lat' dir='ltr'>virum</span> <span class='ocrx_word' id='word_1_114' title='bbox 449 966 817 1007; x_wconf 82' lang='lat' dir='ltr'>bellicosissimum</span> <span class='ocrx_word' id='word_1_115' title='bbox 863 968 1093 1017; x_wconf 73' lang='lat' dir='ltr'>mitterent,</span> <span class='ocrx_word' id='word_1_116' title='bbox 1145 967 1426 1022; x_wconf 77' lang='lat' dir='ltr'>ambigerent,</span> <span class='ocrx_word' id='word_1_117' title='bbox 1480 965 1653 1022; x_wconf 87' lang='lat' dir='ltr'>quidam</span> <span class='ocrx_word' id='word_1_118' title='bbox 1708 981 1762 1007; x_wconf 79' lang='lat' dir='ltr'>ex</span> 
     </span>
     <span class='ocr_line' id='line_1_16' title="bbox 267 1022 1760 1078; baseline -0.001 -16"><span class='ocrx_word' id='word_1_119' title='bbox 267 1022 411 1063; x_wconf 88' lang='lat' dir='ltr'>servili</span> <span class='ocrx_word' id='word_1_120' title='bbox 440 1022 679 1063; x_wconf 76' lang='lat' dir='ltr'>conditione</span> <span class='ocrx_word' id='word_1_121' title='bbox 710 1029 860 1078; x_wconf 88' lang='lat' dir='ltr'>sponte</span> <span class='ocrx_word' id='word_1_122' title='bbox 887 1038 930 1063; x_wconf 86' lang='lat' dir='ltr'>se</span> <span class='ocrx_word' id='word_1_123' title='bbox 962 1022 1133 1078; x_wconf 75' lang='lat' dir='ltr'>optulit,</span> <span class='ocrx_word' id='word_1_124' title='bbox 1165 1023 1391 1078; x_wconf 83' lang='lat' dir='ltr'>promittiti</span> <span class='ocrx_word' id='word_1_125' title='bbox 1425 1037 1468 1063; x_wconf 89' lang='lat' dir='ltr'>se</span> <span class='ocrx_word' id='word_1_126' title='bbox 1508 1022 1760 1078; x_wconf 82' lang='lat' dir='ltr'>provocanti</span> 
     </span>
     <span class='ocr_line' id='line_1_17' title="bbox 265 1078 1759 1133; baseline -0.001 -14"><span class='ocrx_word' id='word_1_127' title='bbox 265 1078 378 1119; x_wconf 87' lang='lat' dir='ltr'>hosti</span> <span class='ocrx_word' id='word_1_128' title='bbox 408 1092 746 1133; x_wconf 83' lang='lat' dir='ltr'>congressurum,</span> <span class='ocrx_word' id='word_1_129' title='bbox 790 1079 870 1119; x_wconf 79' lang='lat' dir='ltr'>eak</span> <span class='ocrx_word' id='word_1_130' title='bbox 911 1079 1092 1131; x_wconf 89' lang='lat' dir='ltr'>ratione,</span> <span class='ocrx_word' id='word_1_131' title='bbox 1137 1086 1195 1130; x_wconf 84' lang='lat' dir='ltr'>ut,</span> <span class='ocrx_word' id='word_1_132' title='bbox 1241 1079 1275 1119; x_wconf 86' lang='lat' dir='ltr'>si</span> <span class='ocrx_word' id='word_1_133' title='bbox 1306 1079 1356 1119; x_wconf 92' lang='lat' dir='ltr'>de</span> <span class='ocrx_word' id='word_1_134' title='bbox 1387 1078 1507 1119; x_wconf 83' lang='lat' dir='ltr'>hoste</span> <span class='ocrx_word' id='word_1_135' title='bbox 1539 1078 1759 1119; x_wconf 81' lang='lat' dir='ltr'>victoriam</span> 
     </span>
     <span class='ocr_line' id='line_1_18' title="bbox 267 1133 1760 1189; baseline -0.001 -15"><span class='ocrx_word' id='word_1_136' title='bbox 267 1140 449 1189; x_wconf 81' lang='lat' dir='ltr'>caperet,</span> <span class='ocrx_word' id='word_1_137' title='bbox 481 1149 505 1174; x_wconf 89' lang='lat' dir='ltr'>a</span> <span class='ocrx_word' id='word_1_138' title='bbox 526 1149 570 1175; x_wconf 92' lang='lat' dir='ltr'>se</span> <span class='ocrx_word' id='word_1_139' title='bbox 605 1148 766 1189; x_wconf 87' lang='lat' dir='ltr'>suaque</span> <span class='ocrx_word' id='word_1_140' title='bbox 796 1135 999 1189; x_wconf 86' lang='lat' dir='ltr'>progenie</span> <span class='ocrx_word' id='word_1_141' title='bbox 1039 1135 1252 1175; x_wconf 78' lang='lat' dir='ltr'>servitutis</span> <span class='ocrx_word' id='word_1_142' title='bbox 1286 1135 1490 1175; x_wconf 82' lang='lat' dir='ltr'>naevuml</span> <span class='ocrx_word' id='word_1_143' title='bbox 1535 1133 1760 1175; x_wconf 84' lang='lat' dir='ltr'>auferrent.</span> 
     </span>
    </p>
   </div>
   <div class='ocr_carea' id='block_1_3' title="bbox 243 1188 1762 1245">
    <p class='ocr_par' dir='ltr' id='par_1_3' title="bbox 243 1188 1762 1245">
     <span class='ocr_line' id='line_1_19' title="bbox 243 1188 1762 1245; baseline -0.001 -16"><span class='ocrx_word' id='word_1_144' title='bbox 243 1190 382 1241; x_wconf 72' lang='lat' dir='ltr'>-Quid</span> <span class='ocrx_word' id='word_1_145' title='bbox 406 1188 560 1244; x_wconf 74' lang='lat' dir='ltr'>plura?</span> <span class='ocrx_word' id='word_1_146' title='bbox 590 1188 844 1230; x_wconf 79' lang='lat' dir='ltr'>*Gratanter</span> <span class='ocrx_word' id='word_1_147' title='bbox 874 1205 981 1245; x_wconf 84' lang='lat' dir='ltr'>quae</span> <span class='ocrx_word' id='word_1_148' title='bbox 1012 1189 1274 1245; x_wconf 82' lang='lat' dir='ltr'>postularatm</span> <span class='ocrx_word' id='word_1_149' title='bbox 1305 1204 1395 1231; x_wconf 87' lang='lat' dir='ltr'>sese</span> <span class='ocrx_word' id='word_1_150' title='bbox 1426 1190 1612 1230; x_wconf 78' lang='lat' dir='ltr'>facturos</span> <span class='ocrx_word' id='word_1_151' title='bbox 1643 1188 1762 1244; x_wconf 88' lang='lat' dir='ltr'>polli-</span> 
     </span>
    </p>
   </div>
   <div class='ocr_carea' id='block_1_4' title="bbox 262 1244 1761 1858">
    <p class='ocr_par' dir='ltr' id='par_1_4' title="bbox 264 1244 1761 1411">
     <span class='ocr_line' id='line_1_20' title="bbox 266 1244 1758 1301; baseline -0.001 -16"><span class='ocrx_word' id='word_1_152' title='bbox 266 1252 425 1286; x_wconf 82' lang='lat' dir='ltr'>centur.</span> <span class='ocrx_word' id='word_1_153' title='bbox 485 1245 728 1300; x_wconf 81' lang='lat' dir='ltr'>Adgressus</span> <span class='ocrx_word' id='word_1_154' title='bbox 748 1245 955 1298; x_wconf 69' lang='lat' dir='ltr'>hostemss,</span> <span class='ocrx_word' id='word_1_155' title='bbox 985 1246 1192 1301; x_wconf 87' lang='lat' dir='ltr'>pugnavit</span> <span class='ocrx_word' id='word_1_156' title='bbox 1212 1253 1252 1287; x_wconf 87' lang='lat' dir='ltr'>et</span> <span class='ocrx_word' id='word_1_157' title='bbox 1281 1246 1402 1298; x_wconf 70' lang='lat' dir='ltr'>vicit,</span> <span class='ocrx_word' id='word_1_158' title='bbox 1434 1244 1758 1299; x_wconf 88' lang='lat' dir='ltr'>Langobardis0</span> 
     </span>
     <span class='ocr_line' id='line_1_21' title="bbox 264 1300 1761 1356; baseline -0.001 -15"><span class='ocrx_word' id='word_1_159' title='bbox 264 1300 512 1342; x_wconf 87' lang='lat' dir='ltr'>transeundi</span> <span class='ocrx_word' id='word_1_160' title='bbox 531 1300 774 1342; x_wconf 79' lang='lat' dir='ltr'>facultatem</span> <span class='ocrx_word' id='word_1_161' title='bbox 784 1309 815 1353; x_wconf 67' lang='grc' dir='ltr'>Ρ,</span> <span class='ocrx_word' id='word_1_162' title='bbox 848 1301 927 1343; x_wconf 89' lang='lat' dir='ltr'>sibi</span> <span class='ocrx_word' id='word_1_163' title='bbox 949 1302 1131 1356; x_wconf 86' lang='lat' dir='ltr'>suisque,</span> <span class='ocrx_word' id='word_1_164' title='bbox 1153 1307 1199 1342; x_wconf 91' lang='lat' dir='ltr'>ut</span> <span class='ocrx_word' id='word_1_165' title='bbox 1221 1308 1439 1356; x_wconf 86' lang='lat' dir='ltr'>optaverat</span> <span class='ocrx_word' id='word_1_166' title='bbox 1449 1309 1480 1353; x_wconf 66' lang='grc' dir='ltr'>(Ι,</span> <span class='ocrx_word' id='word_1_167' title='bbox 1501 1301 1616 1340; x_wconf 85' lang='lat' dir='ltr'>iurar</span> <span class='ocrx_word' id='word_1_168' title='bbox 1637 1300 1761 1342; x_wconf 89' lang='lat' dir='ltr'>liber-</span> 
     </span>
     <span class='ocr_line' id='line_1_22' title="bbox 265 1356 727 1411; baseline -0.002 -13"><span class='ocrx_word' id='word_1_169' title='bbox 265 1357 364 1398; x_wconf 90' lang='lat' dir='ltr'>tatis</span> <span class='ocrx_word' id='word_1_170' title='bbox 393 1356 620 1411; x_wconf 87' lang='lat' dir='ltr'>indeptusS</span> <span class='ocrx_word' id='word_1_171' title='bbox 653 1362 727 1397; x_wconf 86' lang='lat' dir='ltr'>est.</span> 
     </span>
    </p>

    <p class='ocr_par' dir='ltr' id='par_1_5' title="bbox 262 1411 1761 1858">
     <span class='ocr_line' id='line_1_23' title="bbox 381 1411 1760 1467; baseline 0 -15"><span class='ocrx_word' id='word_1_172' title='bbox 381 1412 466 1452; x_wconf 64' lang='lat'>13².</span> <span class='ocrx_word' id='word_1_173' title='bbox 532 1412 669 1465; x_wconf 86' lang='lat' dir='ltr'>Igitur</span> <span class='ocrx_word' id='word_1_174' title='bbox 697 1412 971 1467; x_wconf 85' lang='lat' dir='ltr'>Langobardi</span> <span class='ocrx_word' id='word_1_175' title='bbox 1000 1411 1172 1453; x_wconf 86' lang='lat' dir='ltr'>tandem</span> <span class='ocrx_word' id='word_1_176' title='bbox 1198 1412 1242 1452; x_wconf 90' lang='lat' dir='ltr'>in</span> <span class='ocrx_word' id='word_1_177' title='bbox 1271 1412 1539 1467; x_wconf 85' lang='lat' dir='ltr'>Mauringam</span> <span class='ocrx_word' id='word_1_178' title='bbox 1569 1412 1760 1467; x_wconf 78' lang='lat' dir='ltr'>perveni-</span> 
     </span>
     <span class='ocr_line' id='line_1_24' title="bbox 267 1466 1761 1523; baseline -0.001 -14"><span class='ocrx_word' id='word_1_179' title='bbox 267 1475 397 1518; x_wconf 84' lang='lat' dir='ltr'>entes,</span> <span class='ocrx_word' id='word_1_180' title='bbox 433 1474 479 1508; x_wconf 88' lang='lat' dir='ltr'>ut</span> <span class='ocrx_word' id='word_1_181' title='bbox 508 1467 759 1509; x_wconf 88' lang='lat' dir='ltr'>bellatorum</span> <span class='ocrx_word' id='word_1_182' title='bbox 787 1469 980 1523; x_wconf 84' lang='lat' dir='ltr'>possintu</span> <span class='ocrx_word' id='word_1_183' title='bbox 1025 1466 1228 1523; x_wconf 84' lang='lat' dir='ltr'>ampliare</span> <span class='ocrx_word' id='word_1_184' title='bbox 1271 1482 1507 1520; x_wconf 88' lang='lat' dir='ltr'>numerum,</span> <span class='ocrx_word' id='word_1_185' title='bbox 1552 1467 1693 1523; x_wconf 88' lang='lat' dir='ltr'>plures</span> <span class='ocrx_word' id='word_1_186' title='bbox 1737 1482 1761 1508; x_wconf 90' lang='lat' dir='ltr'>a</span> 
     </span>
     <span class='ocr_line' id='line_1_25' title="bbox 264 1522 1760 1579; baseline -0.001 -14"><span class='ocrx_word' id='word_1_187' title='bbox 264 1523 406 1565; x_wconf 83' lang='lat' dir='ltr'>servili</span> <span class='ocrx_word' id='word_1_188' title='bbox 436 1524 535 1578; x_wconf 88' lang='lat' dir='ltr'>iugo</span> <span class='ocrx_word' id='word_1_189' title='bbox 572 1530 739 1578; x_wconf 89' lang='lat' dir='ltr'>ereptos</span> <span class='ocrx_word' id='word_1_190' title='bbox 776 1523 830 1564; x_wconf 86' lang='lat' dir='ltr'>ad</span> <span class='ocrx_word' id='word_1_191' title='bbox 860 1522 1067 1565; x_wconf 84' lang='lat' dir='ltr'>libertatis</span> <span class='ocrx_word' id='word_1_192' title='bbox 1105 1529 1259 1564; x_wconf 86' lang='lat' dir='ltr'>statum</span> <span class='ocrx_word' id='word_1_193' title='bbox 1296 1523 1548 1579; x_wconf 79' lang='lat' dir='ltr'>perducunt.</span> <span class='ocrx_word' id='word_1_194' title='bbox 1616 1523 1676 1564; x_wconf 89' lang='lat' dir='ltr'>Ut</span> <span class='ocrx_word' id='word_1_195' title='bbox 1708 1537 1760 1564; x_wconf 92' lang='lat' dir='ltr'>ue</span> 
     </span>
     <span class='ocr_line' id='line_1_26' title="bbox 262 1578 1759 1635; baseline 0 -16"><span class='ocrx_word' id='word_1_196' title='bbox 262 1586 355 1620; x_wconf 86' lang='lat' dir='ltr'>rata</span> <span class='ocrx_word' id='word_1_197' title='bbox 384 1594 530 1621; x_wconf 86' lang='lat' dir='ltr'>eorum</span> <span class='ocrx_word' id='word_1_198' title='bbox 560 1578 734 1621; x_wconf 87' lang='lat' dir='ltr'>haberiv</span> <span class='ocrx_word' id='word_1_199' title='bbox 764 1580 899 1635; x_wconf 85' lang='lat' dir='ltr'>possit</span> <span class='ocrx_word' id='word_1_200' title='bbox 931 1579 1170 1634; x_wconf 84' lang='lat' dir='ltr'>ingenuitas</span> <span class='ocrx_word' id='word_1_201' title='bbox 1184 1587 1222 1632; x_wconf 80' lang='lat' dir='ltr'>W,</span> <span class='ocrx_word' id='word_1_202' title='bbox 1262 1579 1457 1620; x_wconf 80' lang='lat' dir='ltr'>sanciunt</span> <span class='ocrx_word' id='word_1_203' title='bbox 1484 1592 1601 1620; x_wconf 90' lang='lat' dir='ltr'>more</span> <span class='ocrx_word' id='word_1_204' title='bbox 1639 1593 1683 1620; x_wconf 84' lang='lat' dir='ltr'>so</span> <span class='ocrx_word' id='word_1_205' title='bbox 1702 1579 1759 1619; x_wconf 89' lang='lat' dir='ltr'>ito</span> 
     </span>
     <span class='ocr_line' id='line_1_27' title="bbox 263 1634 1759 1691; baseline -0.001 -15"><span class='ocrx_word' id='word_1_206' title='bbox 263 1650 340 1691; x_wconf 88' lang='lat' dir='ltr'>per</span> <span class='ocrx_word' id='word_1_207' title='bbox 370 1636 579 1690; x_wconf 85' lang='lat' dir='ltr'>sagittam,</span> <span class='ocrx_word' id='word_1_208' title='bbox 614 1636 971 1676; x_wconf 71' lang='lat' dir='ltr'>inmurmmantes</span> <span class='ocrx_word' id='word_1_209' title='bbox 1016 1634 1289 1675; x_wconf 89' lang='lat' dir='ltr'>nihilominus</span> <span class='ocrx_word' id='word_1_210' title='bbox 1322 1635 1375 1676; x_wconf 92' lang='lat' dir='ltr'>ob</span> <span class='ocrx_word' id='word_1_211' title='bbox 1414 1635 1475 1675; x_wconf 90' lang='lat' dir='ltr'>rei</span> <span class='ocrx_word' id='word_1_212' title='bbox 1515 1635 1759 1676; x_wconf 86' lang='lat' dir='ltr'>firmitatem</span> 
     </span>
     <span class='ocr_line' id='line_1_28' title="bbox 265 1689 1758 1746; baseline -0.001 -15"><span class='ocrx_word' id='word_1_213' title='bbox 265 1691 473 1746; x_wconf 85' lang='lat' dir='ltr'>quaedam</span> <span class='ocrx_word' id='word_1_214' title='bbox 496 1691 634 1746; x_wconf 88' lang='lat' dir='ltr'>patria</span> <span class='ocrx_word' id='word_1_215' title='bbox 662 1691 794 1732; x_wconf 83' lang='lat' dir='ltr'>verba</span> <span class='ocrx_word' id='word_1_216' title='bbox 808 1700 836 1731; x_wconf 87' lang='lat'>¹.</span> <span class='ocrx_word' id='word_1_217' title='bbox 895 1690 1069 1745; x_wconf 83' lang='lat' dir='ltr'>Egressi</span> <span class='ocrx_word' id='word_1_218' title='bbox 1098 1691 1243 1745; x_wconf 88' lang='lat' dir='ltr'>itaque</span> <span class='ocrx_word' id='word_1_219' title='bbox 1263 1689 1538 1744; x_wconf 85' lang='lat' dir='ltr'>Langobardi</span> <span class='ocrx_word' id='word_1_220' title='bbox 1568 1690 1620 1731; x_wconf 88' lang='lat' dir='ltr'>de</span> <span class='ocrx_word' id='word_1_221' title='bbox 1639 1690 1758 1731; x_wconf 86' lang='lat' dir='ltr'>Mau-</span> 
     </span>
     <span class='ocr_line' id='line_1_29' title="bbox 263 1744 1757 1802; baseline -0.001 -15"><span class='ocrx_word' id='word_1_222' title='bbox 263 1748 398 1802; x_wconf 86' lang='lat' dir='ltr'>ringa,</span> <span class='ocrx_word' id='word_1_223' title='bbox 434 1746 731 1802; x_wconf 80' lang='lat' dir='ltr'>applicuerunt</span> <span class='ocrx_word' id='word_1_224' title='bbox 766 1747 810 1786; x_wconf 90' lang='lat' dir='ltr'>in</span> <span class='ocrx_word' id='word_1_225' title='bbox 848 1745 1043 1787; x_wconf 79' lang='lat' dir='ltr'>Golanda</span> <span class='ocrx_word' id='word_1_226' title='bbox 1056 1754 1086 1772; x_wconf 74' lang='lat'>1-</span> <span class='ocrx_word' id='word_1_227' title='bbox 1100 1753 1127 1798; x_wconf 88' lang='lat'>²,</span> <span class='ocrx_word' id='word_1_228' title='bbox 1164 1746 1239 1787; x_wconf 91' lang='lat' dir='ltr'>ubi</span> <span class='ocrx_word' id='word_1_229' title='bbox 1278 1744 1522 1801; x_wconf 72' lang='lat' dir='ltr'>aliquantoy</span> <span class='ocrx_word' id='word_1_230' title='bbox 1567 1752 1757 1800; x_wconf 89' lang='lat' dir='ltr'>tempore</span> 
     </span>
     <span class='ocr_line' id='line_1_30' title="bbox 266 1800 1758 1858; baseline -0.002 -14"><span class='ocrx_word' id='word_1_231' title='bbox 266 1803 527 1854; x_wconf 80' lang='lat' dir='ltr'>commorati,</span> <span class='ocrx_word' id='word_1_232' title='bbox 563 1802 759 1843; x_wconf 79' lang='lat' dir='ltr'>dicuntur</span> <span class='ocrx_word' id='word_1_233' title='bbox 788 1808 886 1858; x_wconf 88' lang='lat' dir='ltr'>post</span> <span class='ocrx_word' id='word_1_234' title='bbox 922 1801 1026 1842; x_wconf 85' lang='lat' dir='ltr'>haee</span> <span class='ocrx_word' id='word_1_235' title='bbox 1062 1800 1258 1843; x_wconf 83' lang='lat' dir='ltr'>AnthabZ</span> <span class='ocrx_word' id='word_1_236' title='bbox 1296 1808 1337 1842; x_wconf 87' lang='lat' dir='ltr'>et</span> <span class='ocrx_word' id='word_1_237' title='bbox 1371 1800 1582 1842; x_wconf 85' lang='lat' dir='ltr'>Banthaib</span> <span class='ocrx_word' id='word_1_238' title='bbox 1596 1808 1627 1853; x_wconf 65' lang='lat' dir='ltr'>a,</span> <span class='ocrx_word' id='word_1_239' title='bbox 1665 1802 1758 1856; x_wconf 90' lang='lat' dir='ltr'>pari</span> 
     </span>
    </p>
   </div>
   <div class='ocr_carea' id='block_1_5' title="bbox 263 1884 1758 2659">
    <p class='ocr_par' dir='ltr' id='par_1_6' title="bbox 263 1884 1758 2659">
     <span class='ocr_line' id='line_1_31' title="bbox 265 1884 1758 1919; baseline -0.002 -7"><span class='ocrx_word' id='word_1_240' title='bbox 265 1885 294 1919; x_wconf 85' lang='lat' dir='ltr'>a)</span> <span class='ocrx_word' id='word_1_241' title='bbox 317 1887 360 1911; x_wconf 78' lang='lat' dir='ltr'>hic</span> <span class='ocrx_word' id='word_1_242' title='bbox 382 1887 479 1917; x_wconf 67' lang='lat' dir='ltr'>incipit</span> <span class='ocrx_word' id='word_1_243' title='bbox 501 1886 527 1910; x_wconf 92' lang='lat' dir='ltr'>A</span> <span class='ocrx_word' id='word_1_244' title='bbox 551 1888 574 1915; x_wconf 85' lang='lat'>1,</span> <span class='ocrx_word' id='word_1_245' title='bbox 594 1887 689 1917; x_wconf 69' lang='lat' dir='ltr'>primo</span> <span class='ocrx_word' id='word_1_246' title='bbox 711 1886 855 1917; x_wconf 71' lang='lat' dir='ltr'>deperdito</span> <span class='ocrx_word' id='word_1_247' title='bbox 877 1888 1074 1917; x_wconf 68' lang='lat' dir='ltr'>quccternione.</span> <span class='ocrx_word' id='word_1_248' title='bbox 1125 1886 1225 1916; x_wconf 83' lang='lat' dir='ltr'>Atque</span> <span class='ocrx_word' id='word_1_249' title='bbox 1248 1889 1279 1910; x_wconf 82' lang='lat' dir='ltr'>ut</span> <span class='ocrx_word' id='word_1_250' title='bbox 1300 1886 1324 1910; x_wconf 91' lang='lat' dir='ltr'>B</span> <span class='ocrx_word' id='word_1_251' title='bbox 1351 1887 1374 1909; x_wconf 89' lang='lat'>1.</span> <span class='ocrx_word' id='word_1_252' title='bbox 1398 1886 1421 1909; x_wconf 83' lang='lat' dir='ltr'>F</span> <span class='ocrx_word' id='word_1_253' title='bbox 1445 1886 1471 1910; x_wconf 81' lang='lat'>2.</span> <span class='ocrx_word' id='word_1_254' title='bbox 1497 1884 1521 1909; x_wconf 83' lang='lat' dir='ltr'><strong>G</strong></span> <span class='ocrx_word' id='word_1_255' title='bbox 1546 1885 1631 1909; x_wconf 76' lang='lat'>1—4.</span> <span class='ocrx_word' id='word_1_256' title='bbox 1663 1884 1709 1909; x_wconf 82' lang='lat' dir='ltr'>5a.</span> <span class='ocrx_word' id='word_1_257' title='bbox 1726 1892 1758 1915; x_wconf 88' lang='lat' dir='ltr'>e;</span> 
     </span>
     <span class='ocr_line' id='line_1_32' title="bbox 264 1924 1756 1957; baseline -0.002 -6"><span class='ocrx_word' id='word_1_258' title='bbox 264 1927 365 1957; x_wconf 89' lang='lat' dir='ltr'>Atque</span> <span class='ocrx_word' id='word_1_259' title='bbox 387 1926 434 1950; x_wconf 81' lang='lat' dir='ltr'>hie</span> <span class='ocrx_word' id='word_1_260' title='bbox 447 1934 520 1952; x_wconf 68' lang='lat' dir='ltr'>corr.</span> <span class='ocrx_word' id='word_1_261' title='bbox 542 1926 642 1955; x_wconf 89' lang='lat' dir='ltr'>thue</span> <span class='ocrx_word' id='word_1_262' title='bbox 655 1925 725 1949; x_wconf 83' lang='lat' dir='ltr'>huic</span> <span class='ocrx_word' id='word_1_263' title='bbox 737 1926 760 1949; x_wconf 80' lang='lat' dir='ltr'>F</span> <span class='ocrx_word' id='word_1_264' title='bbox 775 1927 806 1955; x_wconf 80' lang='lat'>13</span> <span class='ocrx_word' id='word_1_265' title='bbox 829 1925 875 1950; x_wconf 79' lang='lat' dir='ltr'>L‘t.</span> <span class='ocrx_word' id='word_1_266' title='bbox 890 1925 916 1949; x_wconf 90' lang='lat' dir='ltr'>h.</span> <span class='ocrx_word' id='word_1_267' title='bbox 940 1926 993 1950; x_wconf 72' lang='lat' dir='ltr'>cles.</span> <span class='ocrx_word' id='word_1_268' title='bbox 1010 1925 1036 1949; x_wconf 88' lang='lat' dir='ltr'><strong>G</strong></span> <span class='ocrx_word' id='word_1_269' title='bbox 1049 1924 1093 1955; x_wconf 69' lang='grc' dir='ltr'>’ὃς</span> <span class='ocrx_word' id='word_1_270' title='bbox 1117 1925 1165 1949; x_wconf 82' lang='lat' dir='ltr'>hie</span> <span class='ocrx_word' id='word_1_271' title='bbox 1177 1926 1200 1950; x_wconf 88' lang='lat' dir='ltr'>B</span> <span class='ocrx_word' id='word_1_272' title='bbox 1216 1926 1240 1949; x_wconf 87' lang='lat'>1.</span> <span class='ocrx_word' id='word_1_273' title='bbox 1265 1924 1290 1949; x_wconf 97' lang='lat' dir='ltr'><strong>G</strong></span> <span class='ocrx_word' id='word_1_274' title='bbox 1304 1926 1330 1950; x_wconf 89' lang='lat'>1.</span> <span class='ocrx_word' id='word_1_275' title='bbox 1355 1925 1380 1949; x_wconf 78' lang='lat'>3.</span> <span class='ocrx_word' id='word_1_276' title='bbox 1394 1926 1423 1949; x_wconf 75' lang='lat'>4.</span> <span class='ocrx_word' id='word_1_277' title='bbox 1485 1924 1514 1956; x_wconf 83' lang='lat' dir='ltr'>b)</span> <span class='ocrx_word' id='word_1_278' title='bbox 1537 1924 1672 1955; x_wconf 80' lang='lat' dir='ltr'>ipsisque</span> <span class='ocrx_word' id='word_1_279' title='bbox 1694 1924 1717 1948; x_wconf 80' lang='lat' dir='ltr'>P</span> <span class='ocrx_word' id='word_1_280' title='bbox 1732 1925 1756 1948; x_wconf 92' lang='lat'>1.</span> 
     </span>
     <span class='ocr_line' id='line_1_33' title="bbox 265 1962 1758 1996; baseline -0.002 -6"><span class='ocrx_word' id='word_1_281' title='bbox 265 1964 291 1996; x_wconf 76' lang='grc' dir='ltr'>ε’)</span> <span class='ocrx_word' id='word_1_282' title='bbox 315 1965 396 1990; x_wconf 74' lang='lat' dir='ltr'>nulla</span> <span class='ocrx_word' id='word_1_283' title='bbox 418 1966 519 1996; x_wconf 76' lang='lat' dir='ltr'>capitis</span> <span class='ocrx_word' id='word_1_284' title='bbox 541 1965 681 1989; x_wconf 73' lang='lat' dir='ltr'>distinctio</span> <span class='ocrx_word' id='word_1_285' title='bbox 702 1962 782 1988; x_wconf 78' lang='lat' dir='ltr'>A‘3.</span> <span class='ocrx_word' id='word_1_286' title='bbox 808 1965 832 1988; x_wconf 83' lang='lat'>7.</span> <span class='ocrx_word' id='word_1_287' title='bbox 858 1964 883 1988; x_wconf 88' lang='lat' dir='ltr'><strong>G</strong></span> <span class='ocrx_word' id='word_1_288' title='bbox 896 1965 924 1989; x_wconf 77' lang='lat'>2.</span> <span class='ocrx_word' id='word_1_289' title='bbox 1006 1963 1035 1995; x_wconf 85' lang='lat' dir='ltr'>d)</span> <span class='ocrx_word' id='word_1_290' title='bbox 1059 1964 1153 1989; x_wconf 71' lang='lat' dir='ltr'>vellet</span> <span class='ocrx_word' id='word_1_291' title='bbox 1175 1964 1254 1989; x_wconf 74' lang='lat' dir='ltr'>C4b.</span> <span class='ocrx_word' id='word_1_292' title='bbox 1277 1964 1304 1988; x_wconf 93' lang='lat' dir='ltr'>D</span> <span class='ocrx_word' id='word_1_293' title='bbox 1319 1965 1364 1989; x_wconf 83' lang='lat' dir='ltr'>la.</span> <span class='ocrx_word' id='word_1_294' title='bbox 1387 1963 1401 1987; x_wconf 90' lang='lat'>1</span> <span class='ocrx_word' id='word_1_295' title='bbox 1425 1965 1449 1987; x_wconf 85' lang='lat'>1.</span> <span class='ocrx_word' id='word_1_296' title='bbox 1532 1962 1560 1995; x_wconf 90' lang='lat' dir='ltr'>e)</span> <span class='ocrx_word' id='word_1_297' title='bbox 1584 1966 1616 1988; x_wconf 90' lang='lat' dir='ltr'>ut</span> <span class='ocrx_word' id='word_1_298' title='bbox 1637 1970 1666 1988; x_wconf 88' lang='lat' dir='ltr'>u.</span> <span class='ocrx_word' id='word_1_299' title='bbox 1689 1963 1716 1987; x_wconf 94' lang='lat' dir='ltr'>D</span> <span class='ocrx_word' id='word_1_300' title='bbox 1731 1963 1758 1988; x_wconf 85' lang='lat'>3.</span> 
     </span>
     <span class='ocr_line' id='line_1_34' title="bbox 263 2001 1752 2035; baseline -0.001 -7"><span class='ocrx_word' id='word_1_301' title='bbox 263 2004 287 2028; x_wconf 87' lang='lat' dir='ltr'><strong>F</strong></span> <span class='ocrx_word' id='word_1_302' title='bbox 311 2005 336 2030; x_wconf 78' lang='lat'>2.</span> <span class='ocrx_word' id='word_1_303' title='bbox 366 2003 391 2028; x_wconf 96' lang='lat' dir='ltr'><strong>G</strong></span> <span class='ocrx_word' id='word_1_304' title='bbox 414 2004 458 2029; x_wconf 73' lang='lat'>51).</span> <span class='ocrx_word' id='word_1_305' title='bbox 474 2012 498 2035; x_wconf 76' lang='lat' dir='ltr'>e,</span> <span class='ocrx_word' id='word_1_306' title='bbox 532 2012 544 2028; x_wconf 74' lang='lat' dir='ltr'>c</span> <span class='ocrx_word' id='word_1_307' title='bbox 576 2011 651 2028; x_wconf 76' lang='lat' dir='ltr'>corr.</span> <span class='ocrx_word' id='word_1_308' title='bbox 675 2003 702 2028; x_wconf 91' lang='lat' dir='ltr'>D</span> <span class='ocrx_word' id='word_1_309' title='bbox 726 2003 742 2027; x_wconf 83' lang='lat'>5</span> <span class='ocrx_word' id='word_1_310' title='bbox 765 2006 788 2027; x_wconf 73' lang='lat' dir='ltr'>et</span> <span class='ocrx_word' id='word_1_311' title='bbox 810 2004 833 2027; x_wconf 81' lang='lat' dir='ltr'><strong>F</strong></span> <span class='ocrx_word' id='word_1_312' title='bbox 855 2004 882 2027; x_wconf 70' lang='lat'>4.</span> <span class='ocrx_word' id='word_1_313' title='bbox 953 2002 976 2034; x_wconf 79' lang='lat' dir='ltr'>f)</span> <span class='ocrx_word' id='word_1_314' title='bbox 996 2006 1062 2034; x_wconf 72' lang='lat' dir='ltr'>pose</span> <span class='ocrx_word' id='word_1_315' title='bbox 1085 2003 1150 2027; x_wconf 71' lang='lat' dir='ltr'>add.</span> <span class='ocrx_word' id='word_1_316' title='bbox 1175 2003 1198 2027; x_wconf 80' lang='lat' dir='ltr'><strong>F</strong></span> <span class='ocrx_word' id='word_1_317' title='bbox 1223 2005 1247 2027; x_wconf 89' lang='grc'>1.</span> <span class='ocrx_word' id='word_1_318' title='bbox 1314 2002 1343 2033; x_wconf 89' lang='lat' dir='ltr'>g)</span> <span class='ocrx_word' id='word_1_319' title='bbox 1365 2003 1445 2033; x_wconf 83' lang='lat' dir='ltr'>quod</span> <span class='ocrx_word' id='word_1_320' title='bbox 1466 2003 1489 2026; x_wconf 82' lang='lat' dir='ltr'><strong>F</strong></span> <span class='ocrx_word' id='word_1_321' title='bbox 1514 2004 1539 2027; x_wconf 90' lang='lat'>1.</span> <span class='ocrx_word' id='word_1_322' title='bbox 1566 2001 1591 2027; x_wconf 93' lang='lat' dir='ltr'><strong>G</strong></span> <span class='ocrx_word' id='word_1_323' title='bbox 1615 2004 1641 2027; x_wconf 85' lang='lat'>1.</span> <span class='ocrx_word' id='word_1_324' title='bbox 1667 2003 1692 2027; x_wconf 75' lang='lat'>2.</span> <span class='ocrx_word' id='word_1_325' title='bbox 1718 2003 1752 2033; x_wconf 75' lang='lat'>33</span> 
     </span>
     <span class='ocr_line' id='line_1_35' title="bbox 264 2040 1754 2075; baseline -0.002 -7"><span class='ocrx_word' id='word_1_326' title='bbox 264 2051 320 2075; x_wconf 88' lang='lat' dir='ltr'>per</span> <span class='ocrx_word' id='word_1_327' title='bbox 353 2044 433 2074; x_wconf 86' lang='lat' dir='ltr'>quod</span> <span class='ocrx_word' id='word_1_328' title='bbox 455 2044 478 2067; x_wconf 81' lang='lat' dir='ltr'><strong>F</strong></span> <span class='ocrx_word' id='word_1_329' title='bbox 501 2044 526 2067; x_wconf 76' lang='lat'>2.</span> <span class='ocrx_word' id='word_1_330' title='bbox 631 2041 662 2073; x_wconf 88' lang='lat' dir='ltr'>h)</span> <span class='ocrx_word' id='word_1_331' title='bbox 685 2045 757 2066; x_wconf 82' lang='lat' dir='ltr'>tune</span> <span class='ocrx_word' id='word_1_332' title='bbox 778 2043 814 2068; x_wconf 89' lang='lat' dir='ltr'>B.</span> <span class='ocrx_word' id='word_1_333' title='bbox 839 2042 872 2067; x_wconf 84' lang='lat' dir='ltr'>C.</span> <span class='ocrx_word' id='word_1_334' title='bbox 896 2043 932 2067; x_wconf 94' lang='lat' dir='ltr'>D.</span> <span class='ocrx_word' id='word_1_335' title='bbox 956 2043 992 2067; x_wconf 86' lang='lat' dir='ltr'>E.</span> <span class='ocrx_word' id='word_1_336' title='bbox 1018 2041 1055 2067; x_wconf 90' lang='lat' dir='ltr'>G.</span> <span class='ocrx_word' id='word_1_337' title='bbox 1078 2043 1115 2066; x_wconf 84' lang='lat' dir='ltr'>H.</span> <span class='ocrx_word' id='word_1_338' title='bbox 1138 2042 1169 2073; x_wconf 82' lang='lat' dir='ltr'>I;</span> <span class='ocrx_word' id='word_1_339' title='bbox 1192 2045 1254 2066; x_wconf 86' lang='lat' dir='ltr'>tum</span> <span class='ocrx_word' id='word_1_340' title='bbox 1277 2049 1351 2066; x_wconf 76' lang='lat' dir='ltr'>corr.</span> <span class='ocrx_word' id='word_1_341' title='bbox 1375 2046 1447 2066; x_wconf 82' lang='lat' dir='ltr'>tunc</span> <span class='ocrx_word' id='word_1_342' title='bbox 1469 2042 1491 2065; x_wconf 87' lang='lat' dir='ltr'>F</span> <span class='ocrx_word' id='word_1_343' title='bbox 1516 2043 1540 2065; x_wconf 86' lang='lat'>1.</span> <span class='ocrx_word' id='word_1_344' title='bbox 1643 2040 1664 2073; x_wconf 91' lang='lat' dir='ltr'>i)</span> <span class='ocrx_word' id='word_1_345' title='bbox 1688 2048 1754 2072; x_wconf 88' lang='lat' dir='ltr'>pro-</span> 
     </span>
     <span class='ocr_line' id='line_1_36' title="bbox 264 2078 1756 2113; baseline -0.001 -7"><span class='ocrx_word' id='word_1_346' title='bbox 264 2082 417 2113; x_wconf 83' lang='lat' dir='ltr'>mittitque</span> <span class='ocrx_word' id='word_1_347' title='bbox 439 2083 463 2107; x_wconf 87' lang='grc' dir='ltr'>Β</span> <span class='ocrx_word' id='word_1_348' title='bbox 489 2084 513 2107; x_wconf 93' lang='grc'>1.</span> <span class='ocrx_word' id='word_1_349' title='bbox 539 2082 560 2108; x_wconf 87' lang='lat' dir='ltr'>C</span> <span class='ocrx_word' id='word_1_350' title='bbox 583 2080 623 2108; x_wconf 77' lang='lat'>⁸1,</span> <span class='ocrx_word' id='word_1_351' title='bbox 653 2080 679 2105; x_wconf 88' lang='lat' dir='ltr'><strong>G</strong></span> <span class='ocrx_word' id='word_1_352' title='bbox 702 2081 734 2112; x_wconf 77' lang='lat'>23</span> <span class='ocrx_word' id='word_1_353' title='bbox 768 2085 797 2106; x_wconf 84' lang='lat' dir='ltr'>et</span> <span class='ocrx_word' id='word_1_354' title='bbox 827 2082 969 2112; x_wconf 83' lang='lat' dir='ltr'>promisit</span> <span class='ocrx_word' id='word_1_355' title='bbox 1000 2080 1026 2106; x_wconf 91' lang='lat' dir='ltr'><strong>G</strong></span> <span class='ocrx_word' id='word_1_356' title='bbox 1049 2080 1087 2106; x_wconf 75' lang='lat'>⁸5.</span> <span class='ocrx_word' id='word_1_357' title='bbox 1118 2082 1171 2111; x_wconf 53' lang='grc' dir='ltr'>ἔπη</span> <span class='ocrx_word' id='word_1_358' title='bbox 1195 2084 1223 2105; x_wconf 84' lang='lat' dir='ltr'>et</span> <span class='ocrx_word' id='word_1_359' title='bbox 1248 2084 1314 2111; x_wconf 79' lang='lat' dir='ltr'>post</span> <span class='ocrx_word' id='word_1_360' title='bbox 1344 2081 1409 2106; x_wconf 72' lang='lat' dir='ltr'>add.</span> <span class='ocrx_word' id='word_1_361' title='bbox 1444 2080 1470 2105; x_wconf 89' lang='lat' dir='ltr'><strong>G</strong></span> <span class='ocrx_word' id='word_1_362' title='bbox 1493 2082 1519 2105; x_wconf 87' lang='lat'>1.</span> <span class='ocrx_word' id='word_1_363' title='bbox 1601 2078 1633 2111; x_wconf 85' lang='lat' dir='ltr'>k)</span> <span class='ocrx_word' id='word_1_364' title='bbox 1649 2079 1756 2110; x_wconf 76' lang='lat' dir='ltr'>solium</span> 
     </span>
     <span class='ocr_line' id='line_1_37' title="bbox 264 2119 1753 2153; baseline 0 -8"><span class='ocrx_word' id='word_1_365' title='bbox 264 2122 362 2146; x_wconf 71' lang='lat' dir='ltr'>excidit</span> <span class='ocrx_word' id='word_1_366' title='bbox 383 2122 412 2145; x_wconf 86' lang='grc' dir='ltr'>Η</span> <span class='ocrx_word' id='word_1_367' title='bbox 432 2122 459 2146; x_wconf 74' lang='lat'>4.</span> <span class='ocrx_word' id='word_1_368' title='bbox 542 2120 563 2153; x_wconf 88' lang='lat' dir='ltr'>l)</span> <span class='ocrx_word' id='word_1_369' title='bbox 588 2126 714 2145; x_wconf 83' lang='lat' dir='ltr'>nervum</span> <span class='ocrx_word' id='word_1_370' title='bbox 736 2120 762 2144; x_wconf 97' lang='lat' dir='ltr'><strong>A</strong></span> <span class='ocrx_word' id='word_1_371' title='bbox 785 2119 822 2144; x_wconf 77' lang='lat'>⁸3.</span> <span class='ocrx_word' id='word_1_372' title='bbox 845 2121 871 2146; x_wconf 88' lang='lat'>3.</span> <span class='ocrx_word' id='word_1_373' title='bbox 894 2121 965 2151; x_wconf 74' lang='lat'>1313</span> <span class='ocrx_word' id='word_1_374' title='bbox 988 2127 1100 2144; x_wconf 82' lang='lat' dir='ltr'>nexum</span> <span class='ocrx_word' id='word_1_375' title='bbox 1122 2121 1148 2145; x_wconf 91' lang='lat' dir='ltr'>A</span> <span class='ocrx_word' id='word_1_376' title='bbox 1171 2120 1215 2145; x_wconf 86' lang='lat' dir='ltr'>3e.</span> <span class='ocrx_word' id='word_1_377' title='bbox 1240 2119 1274 2144; x_wconf 89' lang='lat' dir='ltr'>G.</span> <span class='ocrx_word' id='word_1_378' title='bbox 1296 2120 1323 2144; x_wconf 90' lang='lat' dir='ltr'>H</span> <span class='ocrx_word' id='word_1_379' title='bbox 1347 2121 1380 2144; x_wconf 87' lang='lat'>1:</span> <span class='ocrx_word' id='word_1_380' title='bbox 1402 2120 1507 2150; x_wconf 84' lang='lat' dir='ltr'>iugum</span> <span class='ocrx_word' id='word_1_381' title='bbox 1530 2119 1551 2144; x_wconf 90' lang='lat' dir='ltr'>C</span> <span class='ocrx_word' id='word_1_382' title='bbox 1574 2119 1622 2150; x_wconf 70' lang='lat'>41),</span> <span class='ocrx_word' id='word_1_383' title='bbox 1646 2126 1658 2143; x_wconf 86' lang='lat' dir='ltr'>e</span> <span class='ocrx_word' id='word_1_384' title='bbox 1680 2127 1753 2145; x_wconf 75' lang='lat' dir='ltr'>corr.</span> 
     </span>
     <span class='ocr_line' id='line_1_38' title="bbox 264 2158 1755 2198; baseline -0.001 -13"><span class='ocrx_word' id='word_1_385' title='bbox 264 2161 287 2185; x_wconf 80' lang='lat' dir='ltr'>F</span> <span class='ocrx_word' id='word_1_386' title='bbox 311 2162 343 2191; x_wconf 71' lang='lat'>13</span> <span class='ocrx_word' id='word_1_387' title='bbox 365 2160 398 2185; x_wconf 89' lang='lat' dir='ltr'>in</span> <span class='ocrx_word' id='word_1_388' title='bbox 420 2167 509 2185; x_wconf 79' lang='lat' dir='ltr'>evum</span> <span class='ocrx_word' id='word_1_389' title='bbox 531 2161 555 2185; x_wconf 78' lang='lat' dir='ltr'>P,</span> <span class='ocrx_word' id='word_1_390' title='bbox 570 2162 602 2190; x_wconf 69' lang='lat'>13</span> <span class='ocrx_word' id='word_1_391' title='bbox 625 2161 657 2184; x_wconf 89' lang='lat' dir='ltr'>in</span> <span class='ocrx_word' id='word_1_392' title='bbox 681 2165 769 2198; x_wconf 59' lang='lat' dir='ltr'>‹gvum</span> <span class='ocrx_word' id='word_1_393' title='bbox 790 2166 931 2190; x_wconf 61' lang='grc' dir='ltr'>ευμεν-εον,</span> <span class='ocrx_word' id='word_1_394' title='bbox 955 2160 1060 2189; x_wconf 84' lang='lat' dir='ltr'>iugum</span> <span class='ocrx_word' id='word_1_395' title='bbox 1083 2158 1163 2189; x_wconf 72' lang='lat'>(2⁸13</span> <span class='ocrx_word' id='word_1_396' title='bbox 1186 2159 1291 2188; x_wconf 84' lang='lat' dir='ltr'>iugum</span> <span class='ocrx_word' id='word_1_397' title='bbox 1313 2159 1345 2182; x_wconf 89' lang='lat' dir='ltr'>in</span> <span class='ocrx_word' id='word_1_398' title='bbox 1368 2165 1456 2183; x_wconf 73' lang='lat' dir='ltr'>evum</span> <span class='ocrx_word' id='word_1_399' title='bbox 1478 2158 1492 2181; x_wconf 87' lang='grc' dir='ltr'>Ι</span> <span class='ocrx_word' id='word_1_400' title='bbox 1516 2159 1541 2182; x_wconf 90' lang='grc'>1.</span> <span class='ocrx_word' id='word_1_401' title='bbox 1566 2159 1621 2188; x_wconf 71' lang='lat' dir='ltr'>la,</span> <span class='ocrx_word' id='word_1_402' title='bbox 1644 2165 1755 2183; x_wconf 83' lang='lat' dir='ltr'>nomen</span> 
     </span>
     <span class='ocr_line' id='line_1_39' title="bbox 263 2196 1754 2231; baseline -0.001 -7"><span class='ocrx_word' id='word_1_403' title='bbox 263 2199 290 2223; x_wconf 84' lang='lat' dir='ltr'><strong>A</strong></span> <span class='ocrx_word' id='word_1_404' title='bbox 313 2199 340 2224; x_wconf 86' lang='lat'>5.</span> <span class='ocrx_word' id='word_1_405' title='bbox 432 2200 473 2231; x_wconf 84' lang='lat' dir='ltr'>m)</span> <span class='ocrx_word' id='word_1_406' title='bbox 496 2200 704 2230; x_wconf 81' lang='lat' dir='ltr'>postulaverat</span> <span class='ocrx_word' id='word_1_407' title='bbox 724 2199 749 2223; x_wconf 90' lang='lat' dir='ltr'><strong>B</strong></span> <span class='ocrx_word' id='word_1_408' title='bbox 774 2200 804 2229; x_wconf 75' lang='lat'>13</span> <span class='ocrx_word' id='word_1_409' title='bbox 834 2199 1002 2229; x_wconf 83' lang='lat' dir='ltr'>postularet</span> <span class='ocrx_word' id='word_1_410' title='bbox 1023 2199 1048 2222; x_wconf 89' lang='lat' dir='ltr'><strong>A</strong></span> <span class='ocrx_word' id='word_1_411' title='bbox 1072 2199 1098 2224; x_wconf 75' lang='lat'>2.</span> <span class='ocrx_word' id='word_1_412' title='bbox 1119 2198 1142 2221; x_wconf 82' lang='lat' dir='ltr'>F</span> <span class='ocrx_word' id='word_1_413' title='bbox 1166 2199 1192 2224; x_wconf 89' lang='lat'>1.</span> <span class='ocrx_word' id='word_1_414' title='bbox 1214 2198 1228 2221; x_wconf 89' lang='grc' dir='ltr'>Ι</span> <span class='ocrx_word' id='word_1_415' title='bbox 1251 2199 1274 2223; x_wconf 87' lang='lat'>1.</span> <span class='ocrx_word' id='word_1_416' title='bbox 1368 2200 1399 2228; x_wconf 84' lang='lat' dir='ltr'>n)</span> <span class='ocrx_word' id='word_1_417' title='bbox 1423 2204 1490 2221; x_wconf 73' lang='lat' dir='ltr'>eum</span> <span class='ocrx_word' id='word_1_418' title='bbox 1521 2197 1605 2222; x_wconf 76' lang='lat' dir='ltr'>hoste</span> <span class='ocrx_word' id='word_1_419' title='bbox 1630 2196 1655 2221; x_wconf 92' lang='lat' dir='ltr'><strong>G</strong></span> <span class='ocrx_word' id='word_1_420' title='bbox 1679 2199 1704 2222; x_wconf 90' lang='lat'>1.</span> <span class='ocrx_word' id='word_1_421' title='bbox 1729 2198 1754 2222; x_wconf 72' lang='lat'>2.</span> 
     </span>
     <span class='ocr_line' id='line_1_40' title="bbox 263 2235 1756 2269; baseline -0.001 -6"><span class='ocrx_word' id='word_1_422' title='bbox 263 2236 303 2264; x_wconf 77' lang='lat'>⁸5.</span> <span class='ocrx_word' id='word_1_423' title='bbox 327 2238 375 2263; x_wconf 86' lang='lat' dir='ltr'>5a.</span> <span class='ocrx_word' id='word_1_424' title='bbox 458 2236 487 2269; x_wconf 85' lang='grc' dir='ltr'>ο)</span> <span class='ocrx_word' id='word_1_425' title='bbox 509 2238 704 2268; x_wconf 80' lang='lat' dir='ltr'>Langobardi</span> <span class='ocrx_word' id='word_1_426' title='bbox 725 2237 751 2261; x_wconf 91' lang='lat' dir='ltr'><strong>A</strong></span> <span class='ocrx_word' id='word_1_427' title='bbox 776 2239 802 2263; x_wconf 84' lang='lat'>1.</span> <span class='ocrx_word' id='word_1_428' title='bbox 893 2244 924 2268; x_wconf 84' lang='lat' dir='ltr'>p)</span> <span class='ocrx_word' id='word_1_429' title='bbox 948 2238 1020 2261; x_wconf 67' lang='lat' dir='ltr'>deest</span> <span class='ocrx_word' id='word_1_430' title='bbox 1042 2237 1074 2261; x_wconf 80' lang='lat' dir='ltr'>F.</span> <span class='ocrx_word' id='word_1_431' title='bbox 1097 2236 1139 2267; x_wconf 81' lang='lat' dir='ltr'>G;</span> <span class='ocrx_word' id='word_1_432' title='bbox 1168 2237 1248 2261; x_wconf 78' lang='lat' dir='ltr'>viam</span> <span class='ocrx_word' id='word_1_433' title='bbox 1270 2240 1289 2261; x_wconf 91' lang='lat' dir='ltr'>t.</span> <span class='ocrx_word' id='word_1_434' title='bbox 1315 2236 1340 2260; x_wconf 81' lang='lat' dir='ltr'><strong>G</strong></span> <span class='ocrx_word' id='word_1_435' title='bbox 1363 2236 1394 2266; x_wconf 73' lang='grc' dir='ltr'>ὃς</span> <span class='ocrx_word' id='word_1_436' title='bbox 1425 2236 1541 2260; x_wconf 82' lang='lat' dir='ltr'>aditum</span> <span class='ocrx_word' id='word_1_437' title='bbox 1565 2242 1584 2262; x_wconf 88' lang='lat' dir='ltr'>t.</span> <span class='ocrx_word' id='word_1_438' title='bbox 1619 2235 1756 2261; x_wconf 77' lang='lat' dir='ltr'>exhibuit</span> 
     </span>
     <span class='ocr_line' id='line_1_41' title="bbox 263 2274 1755 2308; baseline -0.002 -6"><span class='ocrx_word' id='word_1_439' title='bbox 263 2278 288 2302; x_wconf 81' lang='lat' dir='ltr'><strong>F</strong></span> <span class='ocrx_word' id='word_1_440' title='bbox 310 2277 342 2308; x_wconf 77' lang='lat'>23</span> <span class='ocrx_word' id='word_1_441' title='bbox 365 2277 394 2302; x_wconf 84' lang='lat' dir='ltr'>fa</span> <span class='ocrx_word' id='word_1_442' title='bbox 416 2277 511 2302; x_wconf 81' lang='lat' dir='ltr'>ultate</span> <span class='ocrx_word' id='word_1_443' title='bbox 535 2283 679 2302; x_wconf 76' lang='lat' dir='ltr'>concessa</span> <span class='ocrx_word' id='word_1_444' title='bbox 700 2277 727 2301; x_wconf 88' lang='lat' dir='ltr'><strong>A</strong></span> <span class='ocrx_word' id='word_1_445' title='bbox 750 2277 776 2301; x_wconf 82' lang='lat'>5.</span> <span class='ocrx_word' id='word_1_446' title='bbox 810 2289 843 2293; x_wconf 95' lang='lat'><strong>—</strong></span> <span class='ocrx_word' id='word_1_447' title='bbox 868 2276 925 2300; x_wconf 82' lang='lat' dir='ltr'>sibi</span> <span class='ocrx_word' id='word_1_448' title='bbox 957 2277 1028 2300; x_wconf 74' lang='lat' dir='ltr'>deest</span> <span class='ocrx_word' id='word_1_449' title='bbox 1052 2276 1073 2301; x_wconf 85' lang='lat' dir='ltr'>C</span> <span class='ocrx_word' id='word_1_450' title='bbox 1096 2275 1136 2301; x_wconf 80' lang='lat'>⁸1.</span> <span class='ocrx_word' id='word_1_451' title='bbox 1227 2274 1256 2305; x_wconf 76' lang='lat' dir='ltr'>q)</span> <span class='ocrx_word' id='word_1_452' title='bbox 1281 2278 1460 2306; x_wconf 79' lang='lat' dir='ltr'>optaverant</span> <span class='ocrx_word' id='word_1_453' title='bbox 1481 2275 1504 2299; x_wconf 83' lang='lat' dir='ltr'><strong>F</strong></span> <span class='ocrx_word' id='word_1_454' title='bbox 1528 2276 1554 2299; x_wconf 83' lang='lat'>1.</span> <span class='ocrx_word' id='word_1_455' title='bbox 1579 2274 1605 2299; x_wconf 90' lang='lat' dir='ltr'><strong>G</strong></span> <span class='ocrx_word' id='word_1_456' title='bbox 1628 2276 1755 2307; x_wconf 75' lang='lat' dir='ltr'>(praeter</span> 
     </span>
     <span class='ocr_line' id='line_1_42' title="bbox 265 2313 1756 2347; baseline -0.001 -6"><span class='ocrx_word' id='word_1_457' title='bbox 265 2315 292 2342; x_wconf 82' lang='lat' dir='ltr'><strong>G</strong></span> <span class='ocrx_word' id='word_1_458' title='bbox 314 2316 361 2341; x_wconf 85' lang='lat' dir='ltr'>5a.</span> <span class='ocrx_word' id='word_1_459' title='bbox 375 2316 418 2347; x_wconf 87' lang='lat' dir='ltr'>b).</span> <span class='ocrx_word' id='word_1_460' title='bbox 499 2315 524 2347; x_wconf 82' lang='lat' dir='ltr'>r)</span> <span class='ocrx_word' id='word_1_461' title='bbox 548 2317 614 2340; x_wconf 86' lang='lat' dir='ltr'>inre</span> <span class='ocrx_word' id='word_1_462' title='bbox 637 2315 663 2340; x_wconf 78' lang='lat' dir='ltr'><strong>A</strong></span> <span class='ocrx_word' id='word_1_463' title='bbox 685 2317 711 2341; x_wconf 77' lang='lat'>2.</span> <span class='ocrx_word' id='word_1_464' title='bbox 736 2316 762 2342; x_wconf 80' lang='lat'>3,</span> <span class='ocrx_word' id='word_1_465' title='bbox 786 2314 811 2339; x_wconf 88' lang='lat' dir='ltr'><strong>G</strong></span> <span class='ocrx_word' id='word_1_466' title='bbox 824 2315 849 2339; x_wconf 75' lang='lat'>2.</span> <span class='ocrx_word' id='word_1_467' title='bbox 885 2315 963 2344; x_wconf 75' lang='lat' dir='ltr'>Quod</span> <span class='ocrx_word' id='word_1_468' title='bbox 986 2316 1014 2339; x_wconf 80' lang='lat' dir='ltr'>in</span> <span class='ocrx_word' id='word_1_469' title='bbox 1037 2315 1184 2346; x_wconf 65' lang='lat' dir='ltr'>archetypo</span> <span class='ocrx_word' id='word_1_470' title='bbox 1199 2314 1294 2344; x_wconf 78' lang='lat' dir='ltr'>fuisse</span> <span class='ocrx_word' id='word_1_471' title='bbox 1315 2314 1487 2338; x_wconf 75' lang='lat' dir='ltr'>crediderim.</span> <span class='ocrx_word' id='word_1_472' title='bbox 1581 2313 1606 2346; x_wconf 78' lang='lat' dir='ltr'>s)</span> <span class='ocrx_word' id='word_1_473' title='bbox 1629 2314 1756 2346; x_wconf 82' lang='lat' dir='ltr'>adeptus</span> 
     </span>
     <span class='ocr_line' id='line_1_43' title="bbox 263 2352 1756 2385; baseline -0.002 -5"><span class='ocrx_word' id='word_1_474' title='bbox 263 2355 291 2380; x_wconf 83' lang='lat' dir='ltr'><strong>A</strong></span> <span class='ocrx_word' id='word_1_475' title='bbox 314 2356 340 2382; x_wconf 87' lang='lat'>5.</span> <span class='ocrx_word' id='word_1_476' title='bbox 362 2356 387 2380; x_wconf 92' lang='lat' dir='ltr'>B</span> <span class='ocrx_word' id='word_1_477' title='bbox 412 2356 437 2380; x_wconf 90' lang='lat'>1.</span> <span class='ocrx_word' id='word_1_478' title='bbox 463 2356 488 2379; x_wconf 77' lang='lat'>2.</span> <span class='ocrx_word' id='word_1_479' title='bbox 511 2355 533 2379; x_wconf 79' lang='lat' dir='ltr'>F</span> <span class='ocrx_word' id='word_1_480' title='bbox 557 2356 582 2379; x_wconf 77' lang='lat'>2.</span> <span class='ocrx_word' id='word_1_481' title='bbox 606 2355 630 2380; x_wconf 85' lang='lat'>3.</span> <span class='ocrx_word' id='word_1_482' title='bbox 655 2354 681 2380; x_wconf 87' lang='lat' dir='ltr'><strong>G</strong></span> <span class='ocrx_word' id='word_1_483' title='bbox 709 2355 746 2379; x_wconf 85' lang='lat' dir='ltr'>5a</span> <span class='ocrx_word' id='word_1_484' title='bbox 768 2361 781 2378; x_wconf 82' lang='lat' dir='ltr'>e</span> <span class='ocrx_word' id='word_1_485' title='bbox 802 2361 875 2378; x_wconf 68' lang='lat' dir='ltr'>corr.</span> <span class='ocrx_word' id='word_1_486' title='bbox 978 2353 999 2385; x_wconf 83' lang='lat' dir='ltr'>t)</span> <span class='ocrx_word' id='word_1_487' title='bbox 1023 2355 1069 2380; x_wconf 88' lang='grc'><strong>10.</strong></span> <span class='ocrx_word' id='word_1_488' title='bbox 1092 2353 1119 2378; x_wconf 83' lang='lat' dir='ltr'><strong>A</strong></span> <span class='ocrx_word' id='word_1_489' title='bbox 1141 2352 1180 2385; x_wconf 85' lang='lat'>·3‚</span> <span class='ocrx_word' id='word_1_490' title='bbox 1211 2357 1234 2377; x_wconf 77' lang='lat' dir='ltr'>et</span> <span class='ocrx_word' id='word_1_491' title='bbox 1265 2354 1304 2377; x_wconf 66' lang='lat' dir='ltr'>ita</span> <span class='ocrx_word' id='word_1_492' title='bbox 1326 2353 1462 2384; x_wconf 68' lang='lat' dir='ltr'>deinceps.</span> <span class='ocrx_word' id='word_1_493' title='bbox 1565 2353 1596 2385; x_wconf 86' lang='lat' dir='ltr'>u)</span> <span class='ocrx_word' id='word_1_494' title='bbox 1620 2354 1660 2377; x_wconf 79' lang='lat' dir='ltr'>iea</span> <span class='ocrx_word' id='word_1_495' title='bbox 1681 2355 1707 2378; x_wconf 86' lang='lat' dir='ltr'><strong>A</strong></span> <span class='ocrx_word' id='word_1_496' title='bbox 1732 2355 1756 2380; x_wconf 84' lang='lat'>1.</span> 
     </span>
     <span class='ocr_line' id='line_1_44' title="bbox 264 2391 1756 2425; baseline -0.002 -5"><span class='ocrx_word' id='word_1_497' title='bbox 264 2392 306 2420; x_wconf 84' lang='lat'>&#39;3.</span> <span class='ocrx_word' id='word_1_498' title='bbox 330 2395 357 2421; x_wconf 88' lang='lat'>3.</span> <span class='ocrx_word' id='word_1_499' title='bbox 378 2395 402 2419; x_wconf 91' lang='lat' dir='ltr'>B</span> <span class='ocrx_word' id='word_1_500' title='bbox 427 2396 457 2425; x_wconf 84' lang='grc'>1;</span> <span class='ocrx_word' id='word_1_501' title='bbox 480 2395 575 2425; x_wconf 83' lang='lat' dir='ltr'>possit</span> <span class='ocrx_word' id='word_1_502' title='bbox 597 2394 666 2425; x_wconf 74' lang='lat' dir='ltr'>A23</span> <span class='ocrx_word' id='word_1_503' title='bbox 690 2396 813 2425; x_wconf 85' lang='lat' dir='ltr'>possent</span> <span class='ocrx_word' id='word_1_504' title='bbox 834 2394 866 2417; x_wconf 84' lang='lat' dir='ltr'>F.</span> <span class='ocrx_word' id='word_1_505' title='bbox 882 2392 916 2425; x_wconf 90' lang='lat' dir='ltr'>G,</span> <span class='ocrx_word' id='word_1_506' title='bbox 939 2394 1000 2420; x_wconf 78' lang='lat' dir='ltr'>alii.</span> <span class='ocrx_word' id='word_1_507' title='bbox 1080 2392 1111 2424; x_wconf 84' lang='lat' dir='ltr'>v)</span> <span class='ocrx_word' id='word_1_508' title='bbox 1134 2392 1246 2417; x_wconf 81' lang='lat' dir='ltr'>habere</span> <span class='ocrx_word' id='word_1_509' title='bbox 1265 2392 1291 2416; x_wconf 82' lang='lat' dir='ltr'><strong>A</strong></span> <span class='ocrx_word' id='word_1_510' title='bbox 1305 2391 1343 2418; x_wconf 76' lang='lat'>⁸2.</span> <span class='ocrx_word' id='word_1_511' title='bbox 1365 2392 1398 2417; x_wconf 82' lang='lat' dir='ltr'>F.</span> <span class='ocrx_word' id='word_1_512' title='bbox 1422 2392 1457 2417; x_wconf 84' lang='lat' dir='ltr'>G.</span> <span class='ocrx_word' id='word_1_513' title='bbox 1482 2392 1549 2417; x_wconf 74' lang='lat' dir='ltr'>H4.</span> <span class='ocrx_word' id='word_1_514' title='bbox 1630 2391 1669 2423; x_wconf 84' lang='lat' dir='ltr'>w)</span> <span class='ocrx_word' id='word_1_515' title='bbox 1683 2393 1756 2417; x_wconf 73' lang='lat' dir='ltr'>deest</span> 
     </span>
     <span class='ocr_line' id='line_1_45' title="bbox 345 2430 1755 2465; baseline -0.002 -7"><span class='ocrx_word' id='word_1_516' title='bbox 345 2452 352 2459; x_wconf 92' lang='lat'>.</span> <span class='ocrx_word' id='word_1_517' title='bbox 433 2432 465 2465; x_wconf 81' lang='lat' dir='ltr'>x)</span> <span class='ocrx_word' id='word_1_518' title='bbox 490 2432 660 2457; x_wconf 83' lang='lat' dir='ltr'>Golandam</span> <span class='ocrx_word' id='word_1_519' title='bbox 685 2432 710 2457; x_wconf 89' lang='lat' dir='ltr'><strong>G</strong></span> <span class='ocrx_word' id='word_1_520' title='bbox 733 2433 759 2457; x_wconf 91' lang='lat'>3.</span> <span class='ocrx_word' id='word_1_521' title='bbox 781 2433 815 2462; x_wconf 71' lang='lat'>43</span> <span class='ocrx_word' id='word_1_522' title='bbox 839 2432 987 2457; x_wconf 85' lang='lat' dir='ltr'>Goladam</span> <span class='ocrx_word' id='word_1_523' title='bbox 1011 2431 1037 2456; x_wconf 89' lang='lat' dir='ltr'><strong>G</strong></span> <span class='ocrx_word' id='word_1_524' title='bbox 1058 2432 1114 2462; x_wconf 70' lang='lat'>51³3</span> <span class='ocrx_word' id='word_1_525' title='bbox 1137 2431 1319 2456; x_wconf 80' lang='lat' dir='ltr'>Godolanda</span> <span class='ocrx_word' id='word_1_526' title='bbox 1342 2430 1368 2456; x_wconf 87' lang='lat' dir='ltr'><strong>G</strong></span> <span class='ocrx_word' id='word_1_527' title='bbox 1391 2432 1423 2461; x_wconf 75' lang='lat'>23</span> <span class='ocrx_word' id='word_1_528' title='bbox 1444 2430 1626 2461; x_wconf 86' lang='lat' dir='ltr'>Rugolanda.</span> <span class='ocrx_word' id='word_1_529' title='bbox 1648 2438 1661 2455; x_wconf 81' lang='lat' dir='ltr'>e</span> <span class='ocrx_word' id='word_1_530' title='bbox 1682 2439 1755 2458; x_wconf 83' lang='lat' dir='ltr'>corr.</span> 
     </span>
     <span class='ocr_line' id='line_1_46' title="bbox 263 2469 1754 2503; baseline -0.001 -6"><span class='ocrx_word' id='word_1_531' title='bbox 263 2473 288 2497; x_wconf 81' lang='lat' dir='ltr'>F</span> <span class='ocrx_word' id='word_1_532' title='bbox 310 2474 346 2503; x_wconf 77' lang='lat'>43</span> <span class='ocrx_word' id='word_1_533' title='bbox 369 2472 549 2503; x_wconf 83' lang='lat' dir='ltr'>Rogolenda</span> <span class='ocrx_word' id='word_1_534' title='bbox 570 2473 594 2496; x_wconf 81' lang='lat' dir='ltr'><strong>F</strong></span> <span class='ocrx_word' id='word_1_535' title='bbox 616 2473 650 2502; x_wconf 74' lang='lat'>43</span> <span class='ocrx_word' id='word_1_536' title='bbox 682 2471 893 2503; x_wconf 74' lang='lat' dir='ltr'>Rugolandam</span> <span class='ocrx_word' id='word_1_537' title='bbox 916 2479 990 2497; x_wconf 74' lang='lat' dir='ltr'>corr.</span> <span class='ocrx_word' id='word_1_538' title='bbox 1016 2471 1188 2496; x_wconf 85' lang='lat' dir='ltr'>Golandam</span> <span class='ocrx_word' id='word_1_539' title='bbox 1210 2471 1232 2494; x_wconf 80' lang='lat' dir='ltr'>F</span> <span class='ocrx_word' id='word_1_540' title='bbox 1256 2471 1282 2495; x_wconf 82' lang='lat'>2.</span> <span class='ocrx_word' id='word_1_541' title='bbox 1364 2469 1394 2502; x_wconf 71' lang='lat' dir='ltr'>y)</span> <span class='ocrx_word' id='word_1_542' title='bbox 1414 2477 1469 2502; x_wconf 84' lang='lat' dir='ltr'>per</span> <span class='ocrx_word' id='word_1_543' title='bbox 1490 2470 1616 2501; x_wconf 85' lang='lat' dir='ltr'>aliquod</span> <span class='ocrx_word' id='word_1_544' title='bbox 1636 2472 1754 2502; x_wconf 86' lang='lat' dir='ltr'>tempus</span> 
     </span>
     <span class='ocr_line' id='line_1_47' title="bbox 266 2508 1753 2542; baseline -0.002 -6"><span class='ocrx_word' id='word_1_545' title='bbox 266 2519 290 2536; x_wconf 85' lang='lat' dir='ltr'>e.</span> <span class='ocrx_word' id='word_1_546' title='bbox 313 2512 407 2537; x_wconf 86' lang='lat' dir='ltr'>fuisse</span> <span class='ocrx_word' id='word_1_547' title='bbox 431 2512 458 2536; x_wconf 84' lang='lat' dir='ltr'>d.</span> <span class='ocrx_word' id='word_1_548' title='bbox 483 2510 508 2536; x_wconf 90' lang='lat' dir='ltr'><strong>G</strong></span> <span class='ocrx_word' id='word_1_549' title='bbox 530 2511 574 2536; x_wconf 76' lang='lat'>50.</span> <span class='ocrx_word' id='word_1_550' title='bbox 655 2510 682 2542; x_wconf 90' lang='lat' dir='ltr'>z)</span> <span class='ocrx_word' id='word_1_551' title='bbox 707 2510 839 2535; x_wconf 84' lang='lat' dir='ltr'>Anthaib</span> <span class='ocrx_word' id='word_1_552' title='bbox 862 2511 887 2535; x_wconf 89' lang='lat' dir='ltr'><strong>A</strong></span> <span class='ocrx_word' id='word_1_553' title='bbox 910 2510 954 2536; x_wconf 74' lang='lat'>30.</span> <span class='ocrx_word' id='word_1_554' title='bbox 976 2511 1011 2535; x_wconf 90' lang='lat' dir='ltr'>B.</span> <span class='ocrx_word' id='word_1_555' title='bbox 1037 2509 1062 2535; x_wconf 88' lang='lat' dir='ltr'><strong>G</strong></span> <span class='ocrx_word' id='word_1_556' title='bbox 1083 2510 1172 2540; x_wconf 77' lang='lat'>1-53</span> <span class='ocrx_word' id='word_1_557' title='bbox 1195 2510 1247 2534; x_wconf 82' lang='lat'>12.</span> <span class='ocrx_word' id='word_1_558' title='bbox 1271 2510 1303 2541; x_wconf 77' lang='lat'>33</span> <span class='ocrx_word' id='word_1_559' title='bbox 1327 2509 1484 2534; x_wconf 79' lang='lat' dir='ltr'>Anthabus</span> <span class='ocrx_word' id='word_1_560' title='bbox 1506 2509 1574 2539; x_wconf 74' lang='lat' dir='ltr'>F43</span> <span class='ocrx_word' id='word_1_561' title='bbox 1597 2508 1753 2534; x_wconf 81' lang='lat' dir='ltr'>Anthabos</span> 
     </span>
     <span class='ocr_line' id='line_1_48' title="bbox 264 2547 1753 2581; baseline -0.002 -6"><span class='ocrx_word' id='word_1_562' title='bbox 264 2551 288 2575; x_wconf 77' lang='lat' dir='ltr'>F</span> <span class='ocrx_word' id='word_1_563' title='bbox 312 2552 347 2581; x_wconf 81' lang='lat'>23</span> <span class='ocrx_word' id='word_1_564' title='bbox 369 2551 508 2576; x_wconf 83' lang='lat' dir='ltr'>Antabus</span> <span class='ocrx_word' id='word_1_565' title='bbox 530 2551 553 2574; x_wconf 82' lang='lat' dir='ltr'><strong>F</strong></span> <span class='ocrx_word' id='word_1_566' title='bbox 576 2550 607 2580; x_wconf 69' lang='lat'>53</span> <span class='ocrx_word' id='word_1_567' title='bbox 629 2550 729 2575; x_wconf 86' lang='lat' dir='ltr'>Antab</span> <span class='ocrx_word' id='word_1_568' title='bbox 753 2548 825 2575; x_wconf 85' lang='lat' dir='ltr'>C&#39;l.</span> <span class='ocrx_word' id='word_1_569' title='bbox 851 2550 877 2575; x_wconf 76' lang='lat'>2.</span> <span class='ocrx_word' id='word_1_570' title='bbox 891 2550 935 2579; x_wconf 88' lang='lat' dir='ltr'>D;</span> <span class='ocrx_word' id='word_1_571' title='bbox 957 2549 1069 2574; x_wconf 84' lang='lat' dir='ltr'>Antaib</span> <span class='ocrx_word' id='word_1_572' title='bbox 1091 2550 1106 2574; x_wconf 95' lang='lat' dir='ltr'>I</span> <span class='ocrx_word' id='word_1_573' title='bbox 1131 2551 1161 2579; x_wconf 60' lang='grc' dir='ltr'>λς</span> <span class='ocrx_word' id='word_1_574' title='bbox 1183 2548 1282 2573; x_wconf 84' lang='lat' dir='ltr'>Athab</span> <span class='ocrx_word' id='word_1_575' title='bbox 1304 2548 1368 2573; x_wconf 76' lang='lat' dir='ltr'>A4.</span> <span class='ocrx_word' id='word_1_576' title='bbox 1459 2547 1488 2579; x_wconf 90' lang='lat' dir='ltr'>a)</span> <span class='ocrx_word' id='word_1_577' title='bbox 1510 2548 1641 2573; x_wconf 87' lang='lat' dir='ltr'>Bantaib</span> <span class='ocrx_word' id='word_1_578' title='bbox 1665 2547 1691 2572; x_wconf 90' lang='lat' dir='ltr'><strong>G</strong></span> <span class='ocrx_word' id='word_1_579' title='bbox 1703 2547 1753 2579; x_wconf 78' lang='lat' dir='ltr'>5c3</span> 
     </span>
     <span class='ocr_line' id='line_1_49' title="bbox 264 2586 1754 2620; baseline -0.003 -6"><span class='ocrx_word' id='word_1_580' title='bbox 264 2589 455 2615; x_wconf 80' lang='lat' dir='ltr'>Banthaibus</span> <span class='ocrx_word' id='word_1_581' title='bbox 476 2590 500 2613; x_wconf 80' lang='lat' dir='ltr'><strong>F</strong></span> <span class='ocrx_word' id='word_1_582' title='bbox 523 2590 550 2614; x_wconf 77' lang='lat'>4.</span> <span class='ocrx_word' id='word_1_583' title='bbox 573 2589 606 2620; x_wconf 69' lang='grc' dir='ltr'>ὃς</span> <span class='ocrx_word' id='word_1_584' title='bbox 638 2589 826 2614; x_wconf 80' lang='lat' dir='ltr'>Banthaibos</span> <span class='ocrx_word' id='word_1_585' title='bbox 856 2589 879 2613; x_wconf 80' lang='lat' dir='ltr'>F</span> <span class='ocrx_word' id='word_1_586' title='bbox 903 2589 933 2619; x_wconf 78' lang='lat'>23</span> <span class='ocrx_word' id='word_1_587' title='bbox 954 2588 1065 2613; x_wconf 79' lang='lat' dir='ltr'>Bantib</span> <span class='ocrx_word' id='word_1_588' title='bbox 1095 2588 1122 2612; x_wconf 91' lang='lat' dir='ltr'>H</span> <span class='ocrx_word' id='word_1_589' title='bbox 1146 2589 1178 2619; x_wconf 76' lang='lat'>13</span> <span class='ocrx_word' id='word_1_590' title='bbox 1209 2587 1350 2612; x_wconf 84' lang='lat' dir='ltr'>Banthub</span> <span class='ocrx_word' id='word_1_591' title='bbox 1371 2588 1398 2612; x_wconf 94' lang='lat' dir='ltr'>D</span> <span class='ocrx_word' id='word_1_592' title='bbox 1423 2588 1456 2617; x_wconf 78' lang='lat'>53</span> <span class='ocrx_word' id='word_1_593' title='bbox 1488 2586 1649 2611; x_wconf 82' lang='lat' dir='ltr'>Bantehub</span> <span class='ocrx_word' id='word_1_594' title='bbox 1671 2587 1699 2611; x_wconf 90' lang='lat' dir='ltr'>D</span> <span class='ocrx_word' id='word_1_595' title='bbox 1723 2587 1754 2618; x_wconf 73' lang='lat'>23</span> 
     </span>
     <span class='ocr_line' id='line_1_50' title="bbox 264 2624 1753 2659; baseline -0.001 -7"><span class='ocrx_word' id='word_1_596' title='bbox 264 2628 386 2653; x_wconf 86' lang='lat' dir='ltr'>Bantub</span> <span class='ocrx_word' id='word_1_597' title='bbox 417 2629 444 2654; x_wconf 93' lang='lat' dir='ltr'>D</span> <span class='ocrx_word' id='word_1_598' title='bbox 467 2626 524 2654; x_wconf 71' lang='lat'>⁴32.</span> <span class='ocrx_word' id='word_1_599' title='bbox 549 2628 580 2659; x_wconf 76' lang='lat'>3?</span> <span class='ocrx_word' id='word_1_600' title='bbox 612 2628 730 2653; x_wconf 84' lang='lat' dir='ltr'>Bantab</span> <span class='ocrx_word' id='word_1_601' title='bbox 762 2628 789 2652; x_wconf 93' lang='lat' dir='ltr'>D</span> <span class='ocrx_word' id='word_1_602' title='bbox 818 2628 852 2658; x_wconf 85' lang='lat'>4;</span> <span class='ocrx_word' id='word_1_603' title='bbox 883 2628 1043 2653; x_wconf 85' lang='lat' dir='ltr'>Bantheub</span> <span class='ocrx_word' id='word_1_604' title='bbox 1075 2627 1096 2653; x_wconf 92' lang='lat' dir='ltr'>C</span> <span class='ocrx_word' id='word_1_605' title='bbox 1120 2627 1155 2657; x_wconf 78' lang='lat'>23</span> <span class='ocrx_word' id='word_1_606' title='bbox 1186 2627 1339 2652; x_wconf 85' lang='lat' dir='ltr'>Bantabib</span> <span class='ocrx_word' id='word_1_607' title='bbox 1369 2627 1383 2651; x_wconf 93' lang='lat'>1</span> <span class='ocrx_word' id='word_1_608' title='bbox 1409 2627 1438 2657; x_wconf 65' lang='grc' dir='ltr'>ις</span> <span class='ocrx_word' id='word_1_609' title='bbox 1469 2625 1647 2650; x_wconf 82' lang='lat' dir='ltr'>Banthoeoh</span> <span class='ocrx_word' id='word_1_610' title='bbox 1677 2624 1703 2649; x_wconf 85' lang='lat' dir='ltr'><strong>A</strong></span> <span class='ocrx_word' id='word_1_611' title='bbox 1726 2626 1753 2651; x_wconf 89' lang='lat'>5.</span> 
     </span>
    </p>
   </div>
   <div class='ocr_carea' id='block_1_6' title="bbox 281 2432 319 2445">
    <p class='ocr_par' dir='ltr' id='par_1_7' title="bbox 281 2432 319 2445">
     <span class='ocr_line' id='line_1_51' title="bbox 281 2432 319 2445; baseline 0 -4"><span class='ocrx_word' id='word_1_612' title='bbox 281 2435 288 2445; x_wconf 77' lang='grc'>,</span> <span class='ocrx_word' id='word_1_613' title='bbox 311 2432 319 2441; x_wconf 71' lang='lat' dir='ltr'><em>n</em></span> 
     </span>
    </p>
   </div>
   <div class='ocr_carea' id='block_1_7' title="bbox 265 2434 287 2459">
    <p class='ocr_par' dir='ltr' id='par_1_8' title="bbox 265 2434 287 2459">
     <span class='ocr_line' id='line_1_52' title="bbox 265 2434 287 2459; textangle 90"><span class='ocrx_word' id='word_1_614' title='bbox 265 2434 287 2459; x_wconf 59' lang='grc' dir='ltr'><em>Φ</em></span> 
     </span>
    </p>
   </div>
   <div class='ocr_carea' id='block_1_8' title="bbox 259 2687 1753 2877">
    <p class='ocr_par' dir='ltr' id='par_1_9' title="bbox 259 2687 1753 2877">
     <span class='ocr_line' id='line_1_53' title="bbox 269 2687 1750 2733; baseline -0.001 -11"><span class='ocrx_word' id='word_1_615' title='bbox 269 2692 306 2733; x_wconf 81' lang='lat'>1)</span> <span class='ocrx_word' id='word_1_616' title='bbox 333 2691 388 2723; x_wconf 80' lang='lat' dir='ltr'>De</span> <span class='ocrx_word' id='word_1_617' title='bbox 422 2691 488 2723; x_wconf 69' lang='grc' dir='ltr'><em>Ιιαι·</em></span> <span class='ocrx_word' id='word_1_618' title='bbox 524 2690 794 2723; x_wconf 74' lang='lat' dir='ltr'>manumissione</span> <span class='ocrx_word' id='word_1_619' title='bbox 830 2691 866 2722; x_wconf 78' lang='lat' dir='ltr'>in</span> <span class='ocrx_word' id='word_1_620' title='bbox 900 2691 1009 2722; x_wconf 74' lang='lat' dir='ltr'>edicto</span> <span class='ocrx_word' id='word_1_621' title='bbox 1042 2689 1132 2721; x_wconf 72' lang='lat' dir='ltr'>nihil</span> <span class='ocrx_word' id='word_1_622' title='bbox 1164 2689 1301 2732; x_wconf 69' lang='lat' dir='ltr'>Zeyitur.</span> <span class='ocrx_word' id='word_1_623' title='bbox 1363 2687 1414 2730; x_wconf 74' lang='lat' dir='ltr'>Cf.</span> <span class='ocrx_word' id='word_1_624' title='bbox 1450 2687 1593 2727; x_wconf 82' lang='lat' dir='ltr'>Grimm,</span> <span class='ocrx_word' id='word_1_625' title='bbox 1629 2687 1672 2719; x_wconf 81' lang='lat' dir='ltr'>R.</span> <span class='ocrx_word' id='word_1_626' title='bbox 1707 2688 1750 2722; x_wconf 69' lang='lat' dir='ltr'>A.</span> 
     </span>
     <span class='ocr_line' id='line_1_54' title="bbox 259 2735 1752 2782; baseline -0.001 -10"><span class='ocrx_word' id='word_1_627' title='bbox 259 2751 301 2782; x_wconf 80' lang='lat' dir='ltr'>p.</span> <span class='ocrx_word' id='word_1_628' title='bbox 333 2739 420 2777; x_wconf 78' lang='lat'>162;</span> <span class='ocrx_word' id='word_1_629' title='bbox 458 2738 580 2778; x_wconf 67' lang='lat' dir='ltr'>Christ,</span> <span class='ocrx_word' id='word_1_630' title='bbox 619 2739 719 2780; x_wconf 77' lang='lat' dir='ltr'>Disq.</span> <span class='ocrx_word' id='word_1_631' title='bbox 747 2739 790 2771; x_wconf 81' lang='lat' dir='ltr'>de</span> <span class='ocrx_word' id='word_1_632' title='bbox 826 2739 926 2770; x_wconf 79' lang='lat' dir='ltr'>rebus</span> <span class='ocrx_word' id='word_1_633' title='bbox 953 2738 1068 2781; x_wconf 69' lang='lat' dir='ltr'>Lany.</span> <span class='ocrx_word' id='word_1_634' title='bbox 1099 2749 1140 2779; x_wconf 74' lang='lat' dir='ltr'>p.</span> <span class='ocrx_word' id='word_1_635' title='bbox 1170 2738 1226 2769; x_wconf 89' lang='grc'><strong>17.</strong></span> <span class='ocrx_word' id='word_1_636' title='bbox 1341 2738 1377 2778; x_wconf 74' lang='lat'>2)</span> <span class='ocrx_word' id='word_1_637' title='bbox 1404 2736 1508 2768; x_wconf 72' lang='lat' dir='ltr'>Redit</span> <span class='ocrx_word' id='word_1_638' title='bbox 1540 2735 1677 2768; x_wconf 78' lang='lat' dir='ltr'>Paulus</span> <span class='ocrx_word' id='word_1_639' title='bbox 1705 2738 1752 2770; x_wconf 79' lang='lat' dir='ltr'>ad</span> 
     </span>
     <span class='ocr_line' id='line_1_55' title="bbox 271 2784 1753 2831; baseline -0.001 -12"><span class='ocrx_word' id='word_1_640' title='bbox 271 2787 457 2831; x_wconf 71' lang='lat' dir='ltr'>Oriyinem,</span> <span class='ocrx_word' id='word_1_641' title='bbox 485 2798 526 2819; x_wconf 68' lang='lat' dir='ltr'>ew</span> <span class='ocrx_word' id='word_1_642' title='bbox 544 2798 616 2829; x_wconf 77' lang='lat' dir='ltr'>qua</span> <span class='ocrx_word' id='word_1_643' title='bbox 642 2786 822 2828; x_wconf 78' lang='lat' dir='ltr'>sequentia</span> <span class='ocrx_word' id='word_1_644' title='bbox 848 2787 981 2818; x_wconf 79' lang='lat' dir='ltr'>sumsit.</span> <span class='ocrx_word' id='word_1_645' title='bbox 1033 2786 1087 2818; x_wconf 81' lang='lat' dir='ltr'>De</span> <span class='ocrx_word' id='word_1_646' title='bbox 1113 2784 1310 2817; x_wconf 67' lang='lat' dir='ltr'>nominibus</span> <span class='ocrx_word' id='word_1_647' title='bbox 1336 2784 1476 2817; x_wconf 74' lang='lat' dir='ltr'>Anthab</span> <span class='ocrx_word' id='word_1_648' title='bbox 1501 2784 1563 2826; x_wconf 86' lang='lat'>(=—-</span> <span class='ocrx_word' id='word_1_649' title='bbox 1581 2784 1753 2827; x_wconf 72' lang='lat' dir='ltr'>Amlzaz&#39;b)</span> 
     </span>
     <span class='ocr_line' id='line_1_56' title="bbox 267 2832 1656 2877; baseline -0.002 -8"><span class='ocrx_word' id='word_1_650' title='bbox 267 2842 329 2869; x_wconf 82' lang='lat' dir='ltr'>etc.</span> <span class='ocrx_word' id='word_1_651' title='bbox 349 2847 381 2868; x_wconf 88' lang='lat' dir='ltr'>v.</span> <span class='ocrx_word' id='word_1_652' title='bbox 409 2835 519 2868; x_wconf 79' lang='lat' dir='ltr'>Zeuss</span> <span class='ocrx_word' id='word_1_653' title='bbox 538 2846 578 2877; x_wconf 73' lang='lat'>1)-</span> <span class='ocrx_word' id='word_1_654' title='bbox 606 2835 697 2873; x_wconf 83' lang='lat'>472;</span> <span class='ocrx_word' id='word_1_655' title='bbox 726 2835 858 2867; x_wconf 80' lang='lat' dir='ltr'>Grimm</span> <span class='ocrx_word' id='word_1_656' title='bbox 883 2834 926 2867; x_wconf 78' lang='lat' dir='ltr'>R.</span> <span class='ocrx_word' id='word_1_657' title='bbox 954 2834 997 2866; x_wconf 76' lang='lat' dir='ltr'>A.</span> <span class='ocrx_word' id='word_1_658' title='bbox 1018 2845 1057 2876; x_wconf 78' lang='lat' dir='ltr'>p.</span> <span class='ocrx_word' id='word_1_659' title='bbox 1085 2834 1175 2872; x_wconf 85' lang='lat'>496;</span> <span class='ocrx_word' id='word_1_660' title='bbox 1203 2834 1246 2866; x_wconf 77' lang='lat' dir='ltr'>G.</span> <span class='ocrx_word' id='word_1_661' title='bbox 1274 2833 1309 2866; x_wconf 81' lang='lat' dir='ltr'>d.</span> <span class='ocrx_word' id='word_1_662' title='bbox 1337 2833 1384 2866; x_wconf 88' lang='lat' dir='ltr'>D.</span> <span class='ocrx_word' id='word_1_663' title='bbox 1413 2832 1547 2874; x_wconf 76' lang='lat' dir='ltr'>Spr.p.</span> <span class='ocrx_word' id='word_1_664' title='bbox 1575 2833 1656 2866; x_wconf 88' lang='grc'><strong>686.</strong></span> 
     </span>
    </p>
   </div>
  </div>
 </body>
</html>
