1852 3141
182 139 227 169 30
489 137 635 170 PAULI
663 136 893 169 HISTORIA
920 135 1364 169 LANGOBARDORUM.

183 249 452 299 adservatus,
485 248 596 288 unde
629 247 855 288 recentiori
885 250 1052 285 tantum
1081 251 1264 301 tempore
1295 261 1390 287 cum
1426 252 1483 287 tot
1509 246 1667 300 pretio-

182 305 363 344 sissimis
385 304 592 344 historiae
612 302 853 342 Francicae
875 302 1159 341 monumentis
1178 301 1360 343 Romam
1381 301 1574 343 devectus
1595 307 1667 353 est,

182 359 257 400 ubi
278 365 380 413 post
401 359 722 399 Bethmannum
753 356 827 396 hoc
860 370 977 396 anno
1003 360 1040 396 et
1062 356 1153 409 ipse
1173 370 1218 397 eo
1242 372 1344 398 usus
1366 371 1471 398 sum.
1526 355 1667 398 Codes:

182 421 229 455 ut
251 415 446 469 primum
476 418 686 453 eoearatus
715 417 808 452 erat
829 412 1032 465 proaeime
1064 411 1123 450 ad
1156 410 1192 452 C
1212 412 1319 452 1-3
1351 414 1527 453 accessit
1558 412 1667 466 (for-

182 476 292 511 tasse
323 484 374 509 esc
400 469 491 510 C*1
524 468 802 521 descriptus),
834 467 960 507 etiam
989 465 1053 517 VI,
1075 465 1142 506 52.
1163 466 1230 506 53.
1251 468 1299 507 in
1311 467 1403 519 fine
1429 467 1664 519 collocavit,

175 532 407 579 praeterea
437 523 593 578 ubique
610 522 712 576 fere
732 528 938 563 vetustam
958 521 1061 563 libri
1067 521 1284 576 formam,
1307 537 1480 576 eamque
1501 523 1666 564 mendis

183 595 313 635 quam
335 580 543 634 plurimis
583 593 807 633 aspersam
833 577 1054 632 praebuit.
1113 576 1201 618 Sed
1238 584 1491 618 correctores
1514 578 1668 632 plures

183 651 215 676 s.
232 635 282 675 X.
304 641 341 676 et
361 635 464 675 XI¹.
527 635 667 675 riscae
696 633 1035 688 orthoqraplziae
1056 639 1093 674 et
1119 632 1299 688 linquae
1328 632 1523 688 vulgaris
1553 635 1668 675 vesti-

182 691 261 746 9ia
290 690 446 742 tollere,
483 650 670 730 lldcunas
707 689 890 744 eoeplere,
931 704 1039 744 quae
1079 688 1287 730 intellectu
1318 688 1524 743 difficilia
1553 688 1667 729 vide-

183 747 344 787 bantur
373 745 612 800 eoeplanare
644 746 788 786 conati
812 750 926 795 sunt,
951 750 1182 798 praeterea
1206 745 1251 784 in
1272 745 1472 799 marqine
1493 745 1672 798 saepius

183 802 352 858 ylossas
385 803 649 856 adjecerunt.
695 801 748 841 In
771 815 854 856 quo
876 801 1046 854 negotio
1067 815 1392 854 nonnumquam
1415 800 1501 840 alio
1529 799 1670 840 codice

185 858 332 913 adjuti
355 858 535 912 fuerint
575 862 758 911 oportet,·
798 871 885 897 non
919 870 1073 910 pauca
1111 871 1203 896 vero
1241 856 1290 896 de
1323 856 1499 910 inqenio
1536 861 1670 895 muta-

184 919 356 965 verunt,
411 912 689 954 addiderunt.
774 909 894 959 Quae
942 913 989 952 in
1041 910 1150 951 alios
1199 911 1352 951 multos
1402 911 1674 951 transierunt

184 969 362 1020 codices,
384 983 488 1023 quos
510 968 604 1008 ideo
625 967 701 1008 sub
723 968 846 1022 siyno
868 967 911 1006 D
933 967 1258 1023 conjunyendos
1279 967 1402 1007 duaci.
1443 966 1673 1021 Plerosque

184 1031 339 1076 tamen,
371 1039 466 1065 cum
497 1024 556 1064 ad
584 1024 823 1078 yenuifoia¹ni
848 1022 981 1063 Pauli
1010 1023 1227 1064 lectionem
1258 1022 1564 1063 restituendam
1586 1037 1672 1076 pa-

184 1095 281 1121 rum
313 1086 389 1121 aut
418 1079 532 1120 nibil
560 1093 630 1121 eos
659 1079 894 1120 conducere
915 1077 1058 1132 facile
1089 1084 1192 1119 esset
1222 1077 1445 1129 intellectu,
1484 1076 1673 1132 singulis

183 1142 351 1178 tantum
395 1135 500 1176 locis
541 1135 837 1189 inspiciendos
875 1149 960 1175 esse
998 1140 1105 1175 recte
1143 1133 1367 1189 judicavit
1411 1133 1668 1173 Bethmann.

187 1191 280 1240 Quo
308 1191 485 1245 factum
524 1197 595 1243 est,
636 1196 682 1230 ut
719 1191 846 1231 etiam
887 1189 936 1230 de
974 1204 1119 1230 eorum
1159 1189 1415 1244 cognatione
1444 1190 1543 1244 jam
1586 1203 1669 1230 non

184 1248 341 1302 ubique
372 1253 482 1287 certo
512 1247 670 1287 certius
690 1246 897 1300 judicari
922 1247 1073 1299 possit.

295 1302 495 1343 Proaeime
527 1302 586 1342 ad
616 1301 660 1341 D
686 1303 704 1341 1
740 1301 937 1342 accedere
967 1301 1138 1341 videtur

297 1358 388 1413 (33)
420 1357 463 1397 D
487 1358 570 1397 1³5*
615 1357 1064 1411 Rothomaqensis
1084 1355 1167 1396 Nr.
1189 1354 1255 1394 28.
1278 1355 1345 1406 27,
1369 1353 1467 1395 olim
1491 1353 1671 1395 Gemme-

183 1415 357 1455 ticensis
397 1411 435 1454 G
466 1413 532 1464 21,
568 1412 736 1453 membr.
764 1411 852 1466 fol.
884 1427 915 1451 s.
946 1411 1027 1463 XI,
1066 1412 1142 1465 qui
1181 1410 1316 1451 solum
1345 1409 1479 1450 Pauli
1517 1409 1673 1450 librum

185 1470 384 1518 continet,
425 1469 563 1509 tribus
594 1468 793 1509 manibus
832 1467 1121 1521 conscriptum
1133 1481 1149 1518 ,·
1182 1471 1337 1520 postea,
1376 1466 1541 1506 demum
1572 1465 1674 1506 aliis

186 1526 359 1565 assutis.
419 1524 591 1565 Desinit
628 1523 693 1575 VI,
734 1524 773 1564 3.
809 1522 1033 1576 (tenuisse)
1076 1523 1123 1563 in
1153 1521 1297 1562 media
1325 1523 1517 1576 paqina.
1577 1520 1621 1560 D
1651 1521 1671 1560 1

184 1587 272 1621 tam
301 1579 492 1634 fideliter
529 1579 752 1634 escpressit,
791 1585 838 1619 ut
878 1593 910 1618 a
940 1584 1026 1618 erto
1067 1591 1210 1618 errore
1246 1578 1373 1618 etiam
1408 1576 1597 1631 ylossam
1629 1577 1675 1617 in

185 1642 344 1677 textum
375 1635 482 1688 (III,
513 1635 561 1687 9)
593 1635 825 1689 receperit,·
858 1650 877 1674 c
904 1667 912 1676 .
944 1633 1002 1673 N.
1032 1633 1162 1674 Arch.
1195 1632 1230 1683 I,
1255 1647 1305 1686 p.
1336 1631 1430 1672 546.

298 1691 388 1746 (34)
420 1691 463 1730 D
495 1691 557 1730 11³.
617 1688 1000 1730 Bruoeellensis
1027 1688 1110 1728 Nr.
1144 1687 1318 1738 183953,
1360 1687 1460 1728 olim
1494 1687 1672 1728 Trunci-

186 1749 368 1799 niensiS,
412 1752 567 1800 postea
605 1745 877 1786 bibliothecae
916 1744 1145 1784 Lammens
1182 1741 1488 1783 Gandavensis
1524 1741 1673 1783 illatus

187 1802 267 1857 (of.
299 1803 429 1842 Arcb.
468 1801 556 1852 VH,
583 1817 629 1855 p.
662 1801 780 1852 341),
811 1800 980 1841 membr.
1011 1814 1044 1839 s.
1075 1799 1174 1851 XII,
1207 1797 1244 1838 8.
1305 1798 1528 1838 Historiae
1559 1798 1674 1838 Lan-

186 1858 478 1913 yobcwclormn
503 1857 658 1897 addita
681 1862 781 1896 sunt
801 1855 906 1896 liber
934 1855 1111 1896 Victoris
1138 1854 1318 1895 Vitensis
1349 1859 1386 1894 et
1406 1853 1676 1894 Ariciam-mn

187 1912 400 1967 confessio
439 1928 532 1953 cum
572 1912 835 1966 refutatione
875 1911 1128 1966 Augustini.
1188 1909 1360 1950 Indices
1382 1924 1467 1963 per
1497 1908 1675 1963 sinqula

187 1970 336 2023 capita
353 1969 514 2023 sparsi.
536 1968 782 2009 Betbmann
790 1968 1066 2021 praecipuas
1080 1965 1291 2017 lectiones,
1310 1964 1424 2005 alias
1440 1964 1523 2004 Dr.
1533 1963 1679 2004 Heller

187 2026 387 2066 enotavit.
432 2024 551 2064 Inter
581 2038 690 2078 quas
720 2038 812 2063 una
842 2028 901 2063 est
931 2022 1031 2075 (IV,
1053 2021 1144 2073 22),
1176 2035 1285 2075 quae
1316 2021 1500 2061 codicem
1534 2025 1578 2060 ut
1607 2019 1678 2060 liic

179 2094 402 2135 ponamus
422 2079 601 2131 suadet;
624 2079 822 2133 quamvis
848 2077 935 2119 alio
951 2077 1040 2118 loco
1063 2077 1121 2129 (Ι,
1138 2076 1214 2128 25)
1231 2091 1325 2116 cum
1341 2075 1422 2116 D3
1439 2075 1676 2116 conveniat.

299 2135 390 2191 (35)
422 2135 465 2175 D
486 2135 524 2175 2.
570 2135 637 2175 Pa
651 2149 672 2173 r
684 2135 823 2175 isien
836 2134 914 2174 sis
942 2133 1025 2173 Nr.
1047 2131 1170 2184 5872,
1203 2131 1302 2172 olim
1322 2130 1502 2171 Nicolai
1521 2130 1674 2182 Favre,

186 2192 353 2233 membr.
384 2206 417 2231 s.
439 2190 514 2242 XI,
545 2190 681 2231 solum
703 2189 891 2230 Paulum
921 2189 1120 2229 continet.
1175 2185 1305 2234 Quem
1326 2188 1423 2240 jam
1448 2191 1544 2226 ante
1567 2185 1676 2239 plus

187 2262 316 2302 quam
343 2246 398 2286 50
429 2260 567 2287 annos
597 2245 779 2299 Sporlin
810 2246 858 2284 in
888 2259 993 2284 usus
1022 2257 1157 2283 novae
1188 2242 1391 2283 editionis
1420 2247 1550 2282 totum
1580 2256 1676 2281 cum

187 2303 314 2344 editis
355 2301 545 2342 contulit.
623 2301 740 2341 Inter
773 2300 817 2339 D
848 2300 867 2339 1
909 2304 945 2339 et
976 2298 1002 2338 3
1041 2299 1226 2339 medium
1253 2295 1354 2351 fere
1394 2296 1531 2337 locum
1569 2302 1677 2337 tenet

189 2358 304 2411 (HI,
336 2356 398 2396 18.
430 2356 635 2397 lacunam
666 2356 788 2396 babet
809 2369 904 2396 cum
928 2353 1103 2408 reliquis
1126 2354 1256 2407 hujus
1277 2352 1430 2393 classis
1461 2352 1674 2392 codicibus

189 2427 473 2464 communem,
511 2411 590 2463 IV,
622 2410 688 2451 21.
728 2411 866 2452 verbis
910 2412 956 2450 in
996 2410 1071 2450 boc
1104 2410 1271 2450 omissis
1303 2407 1394 2448 alia
1426 2407 1492 2448 illi
1521 2407 1673 2448 substi-

189 2470 399 2519 tuerunt).

194 2560 228 2602 1)
258 2559 306 2592 N.
333 2558 439 2592 Arclz.
468 2559 499 2598 I,
520 2569 560 2600 p.
589 2559 670 2597 545,
697 2556 955 2589 Betlimannum
982 2560 1128 2594 secutus,
1157 2555 1199 2586 de
1225 2565 1294 2585 uno
1322 2558 1454 2584 tantum
1483 2556 1671 2584 correctore

191 2607 277 2647 dimi,
307 2608 367 2640 sed
387 2609 510 2649 plures
538 2605 784 2639 discernendos
804 2615 885 2644 esse,
906 2609 988 2645 post
1007 2603 1121 2636 codice
1148 2603 1298 2644 inspecto
1325 2599 1490 2639 intellexi,
1517 2597 1577 2640 qui
1603 2604 1673 2630 tam

191 2656 386 2688 litterarum
402 2656 527 2697 forma
545 2666 650 2696 quam
677 2659 869 2685 atramento
896 2652 996 2684 modo
1022 2652 1121 2694 niqro
1150 2650 1248 2682 modo
1265 2650 1371 2691 fusco
1400 2649 1487 2680 inter
1512 2657 1547 2679 se
1574 2645 1671 2687 diffe-

190 2709 286 2736 runt.
387 2703 424 2744 2)
454 2703 498 2734 N.
526 2702 656 2734 Archiv
683 2702 714 2741 I,
738 2713 775 2743 Ζ).
803 2701 885 2732 546.
916 2700 978 2732 sub
1004 2699 1100 2742 siqno
1128 2699 1163 2730 D
1192 2699 1209 2729 7
1240 2697 1424 2730 indicatus.
1527 2695 1562 2735 3)
1591 2694 1671 2726 Xon

195 2751 323 2792 18477,
352 2756 387 2782 ut
414 2751 519 2783 Arch.
556 2750 660 2789 VIII,
683 2760 722 2790 p.
753 2749 834 2781 546.
862 2749 1028 2789 scriptum
1055 2753 1115 2780 est.
