1852 3141
362 117 506 149 PAULI
533 116 760 148 HISTORIA
787 116 1227 150 LANGOBARDORL'M.
1490 120 1536 150 17

59 230 273 270 Iohannes
314 227 657 278 Vulturnensis¹,
696 225 966 268 Romualdus
1006 226 1361 278 Salernitanus²‚
1401 228 1534 269 latius

49 289 388 339 p2·0pa9a⁷·mu.·
419 281 603 322 Paulum
634 282 935 323 consiliarium
963 282 1283 323 dilectissimum
1316 289 1352 322 et
1370 283 1534 335 fidelis-

57 340 211 380 simum
241 339 356 392 regis
387 337 610 378 Desiderii
640 337 795 388 fuisse,
826 352 907 391 quo
940 337 1099 378 devicto
1140 337 1203 378 bis
1234 343 1344 379 terve
1374 339 1421 378 in
1443 339 1531 379 Ka-

55 394 139 435 roli
166 408 303 434 necem
333 408 423 434 eum
456 394 741 446 conspirasse,
772 393 867 434 ideo
901 393 1001 434 aliis
1026 393 1180 446 poenis
1212 393 1453 435 relaxatum
1484 395 1532 435 in

55 449 233 490 eoeilium
262 449 437 488 missum
468 463 575 499 esse,
607 449 680 489 sed
697 447 821 502 fuya
852 448 1046 502 elapsum
1076 454 1176 490 tunc
1208 449 1373 489 demum
1395 449 1530 490 Bene-

55 510 223 545 ventum
255 504 314 544 ad
344 503 489 544 ducem
520 503 714 544 Arichim
745 504 920 554 venisse,
952 504 1028 544 hoc
1057 510 1222 544 mortuo
1252 505 1300 545 in
1332 504 1378 547 S.
1399 505 1533 546 Bene-

54 560 161 601 dicti
189 559 384 600 coenobio
415 565 589 599 sanctae
618 557 842 613 o'eliyionis
873 558 1022 599 habitu
1052 559 1249 599 indutum
1281 574 1366 600 esse
1405 566 1441 600 et
1470 562 1533 601 ita

55 629 186 670 usque
233 615 289 655 ad
333 615 445 655 vitae
477 613 611 667 finem
655 619 691 653 et
732 613 975 654 litterarum
1019 614 1162 654 studio
1208 620 1244 653 et
1294 615 1533 656 humilitate

55 685 220 711 necnon
251 676 287 710 et
323 670 613 710 taciturnitate
653 668 911 709 excelluisse.
979 668 1128 722 Neque
1168 671 1324 710 rectius
1365 670 1533 711 Paulus

54 725 372 780 Aqu=ile9iensis
397 724 596 765 ecclesiae
626 724 838 764 diaconus
859 724 1061 774 dicitur3,
1092 724 1166 764 sed
1196 725 1243 765 in
1274 727 1532 766 monasterio

58 780 286 822 Casinensi
315 780 428 820 hunc
451 780 644 832 primum
674 779 841 820 ordinis
871 777 1147 820 ecclesiastici
1166 780 1353 834 gradum
1374 786 1388 807 ⁴
1418 795 1530 822 asse-

53 842 174 876 cutus
211 849 297 875 esse
330 835 558 888 putandus
598 840 669 874 est.
745 833 864 881 Quae
908 849 1001 875 vero
1042 835 1092 874 de
1136 837 1435 876 commentario
1480 837 1526 877 in

53 891 248 946 reyulam
278 889 323 930 S.
346 889 572 930 Benedicti
600 891 784 942 scripto⁵
817 895 853 928 et
875 890 1063 942 palatio,
1095 890 1210 944 quod
1238 891 1283 931 in
1317 891 1418 931 urbe
1449 906 1530 932 sua

54 946 229 986 Arichis
256 945 347 985 cluoe
376 950 688 996 construoeerat,
720 959 746 984 a
776 944 914 985 Paulo
945 945 1135 986 versibus
1158 952 1308 987 ornato
1331 945 1528 988 Salerni-

53 1007 183 1041 tanus
208 1000 356 1051 tradit,
387 1006 601 1054 comperta
634 1000 785 1040 habere
810 1001 965 1054 potuit.

53 1083 140 1115 derii
175 1084 329 1115 notarius
365 1083 428 1115 sub
456 1083 713 1114 Theodemario
742 1083 870 1115 abbate
898 1083 942 1115 ad
972 1083 1137 1116 Casinum
1175 1086 1382 1127 perveniens
1410 1096 1529 1117 mona-

53 1133 248 1173 sticumque
276 1142 395 1164 scema
413 1132 620 1173 suscipiens,
647 1133 846 1171 sanctitate,
872 1133 1046 1173 gravitate
1065 1143 1127 1164 suo
1154 1137 1311 1176 tempore
1330 1134 1532 1176 singularis,

53 1180 275 1222 philosophia
295 1190 433 1222 quoque
461 1190 481 1210 a
507 1180 659 1222 pueritia
678 1179 844 1212 eruditus.
898 1180 1104 1222 Composuit
1122 1182 1157 1212 in
1176 1180 1317 1214 laudem
1336 1183 1531 1215 beatissimi

51 1227 239 1260 Benedicti
257 1238 377 1260 versus
406 1228 566 1268 elegiaco
594 1232 704 1259 metro
725 1228 902 1270 digestos;
929 1229 1076 1270 hymnos
1097 1240 1235 1272 quoque
1262 1232 1376 1263 sancti
1403 1231 1531 1263 Iohan-

51 1278 104 1309 nis
130 1277 307 1318 baptistae
334 1277 517 1318 sanctique
544 1276 748 1316 Benedicti,
774 1287 896 1309 versus
923 1277 967 1309 ad
996 1277 1160 1310 carolum
1187 1280 1452 1321 imperatorem,
1487 1280 1531 1311 ad

51 1325 190 1357 Arichis
205 1325 489 1356 Beneventanum
511 1325 718 1367 principem,
745 1326 928 1367 sanctique
943 1326 1127 1358 Fortunati
1147 1328 1305 1369 episcopi
1324 1329 1431 1359 vitam
1460 1328 1530 1360 ele—

50 1376 175 1415 ganter
195 1372 397 1414 descripsit3
417 1372 579 1404 homilias
600 1383 739 1414 quoque
759 1374 1028 1415 quinquaginta,
1048 1376 1161 1406 sancti
1177 1375 1352 1417 pontificis
1370 1377 1531 1418 Gregorii

53 1423 171 1461 vitam,
198 1421 233 1451 in
259 1420 381 1462 regula
407 1421 521 1452 sancti
548 1420 733 1452 Benedicti
761 1423 1027 1463 expositionem,
1062 1433 1104 1454 ac
1132 1423 1174 1454 de
1201 1424 1362 1465 ingressu
1388 1424 1529 1467 Lango-

52 1468 237 1500 bardorum
264 1469 298 1500 in
327 1468 477 1508 Italiam,
506 1470 640 1510 origine
667 1479 846 1511 regnoque
875 1480 992 1502 eorum
1020 1471 1200 1503 historiam
1229 1472 1334 1504 valde
1372 1472 1529 1505 luculen—

53 1522 124 1549 tam
153 1516 275 1548 edidit.
325 1517 366 1548 In
393 1517 537 1549 historia
570 1522 686 1549 autem
714 1518 873 1560 Eutropii
909 1529 1011 1560 quam
1048 1520 1197 1562 plurima
1224 1520 1393 1553 adiunxit.
1447 1522 1531 1553 Uni-

52 1575 171 1597 versas
205 1566 309 1596 etiam
346 1565 579 1598 lectiunculas
615 1576 635 1596 a
669 1567 841 1608 principio
877 1568 998 1599 mundi
1025 1579 1134 1609 usque
1172 1568 1216 1599 ad
1243 1580 1340 1600 suam
1377 1573 1530 1602 aetatem

53 1623 122 1645 una
149 1623 227 1645 cum
255 1612 373 1644 annali
402 1617 563 1656 computo
599 1614 759 1645 rithmice
796 1616 992 1656 composuit
1052 1617 1136 1647 Fuit
1163 1620 1280 1648 autem
1316 1619 1530 1660 temporibus

54 1660 171 1693 Caroli
203 1662 435 1703 imperatoris.
488 1662 652 1704 Sepultus
690 1666 741 1694 est
779 1663 814 1693 in
856 1663 980 1694 eodem
1022 1665 1168 1696 cenobio
1209 1666 1303 1696 iuxta
1341 1666 1530 1698 ecclesiam

52 1710 164 1742 saneti
198 1709 384 1741 Benedicti
421 1713 501 1742 ante
535 1709 739 1752 capitulum.
794 1709 845 1751 Cf.
878 1722 967 1752 quae
1002 1712 1043 1743 cle
1083 1712 1134 1744 lais
1175 1714 1305 1744 monuit
1331 1714 1530 1747 Betlcnzann

46 1769 87 1799 p.
108 1758 172 1789 251
202 1769 238 1789 n.
353 1755 389 1799 1)
416 1757 594 1789 muratori
619 1758 650 1797 I,
680 1759 711 1798 2,
735 1769 773 1799 p.
801 1759 881 1790 326.
995 1760 1032 1801 2)
1060 1760 1237 1792 Muratori
1272 1761 1354 1800 VII,
1384 1773 1419 1803 p.
1450 1763 1530 1795 144.

56 1805 134 1837 150.
186 1805 231 1837 In
257 1816 349 1838 nova
383 1804 450 1838 SS.
496 1805 570 1838 Vol.
598 1806 698 1838 XIX.
734 1807 882 1840 editione
918 1807 1054 1840 omissa.
1157 1810 1194 1851 3)
1231 1821 1259 1842 c.
1289 1811 1345 1849 37,
1376 1822 1417 1852 p.
1447 1811 1529 1843 489.

56 1852 156 1893 Quod
188 1852 259 1886 Leo
295 1854 419 1886 omisit.
520 1853 559 1895 4)
587 1854 721 1887 Paulus
759 1866 780 1886 a
807 1867 840 1888 se
868 1856 942 1897 ipso
977 1857 1013 1888 in
1041 1857 1182 1889 homilia
1218 1858 1260 1890 de
1287 1869 1313 1890 s.
1341 1858 1530 1892 Bmedicto

54 1901 267 1942 (Bethmcmn
287 1913 326 1944 p.
355 1903 441 1943 302)
471 1907 501 1934 et
528 1914 549 1934 a
585 1903 719 1936 coaevis
745 1903 945 1945 saepissime
979 1904 1170 1938 ‘diaconus'
1198 1912 1364 1944 incatur,-
1393 1906 1531 1947 ιίευίίιϋ7

53 1950 145 1992 quod
183 1950 273 1982 idem
311 1950 505 1994 significat,
564 1952 600 1982 in
633 1950 808 1993 epitaphio
852 1958 881 1985 et
923 1953 960 1984 in
999 1953 1173 1986 «Iohannis
1214 1954 1255 1987 G.
1297 1965 1374 1997 epp.
1416 1955 1530 1998 Neap.

55 1997 105 2040 (θ’.
131 1997 339 2038 Betkmann,
364 2010 400 2040 p.
429 1999 496 2031 254
524 2011 558 2032 η.
588 2000 768 2032 ‘diaconus
796 2006 826 2034 et
845 2001 1088 2043 plzilosophus'
1122 2002 1222 2034 audit
1249 2003 1283 2034 in
1312 2004 1386 2036 cod.
1417 2003 1531 2036 Oasin.

59 2046 240 2089 (Miynep.
260 2046 380 2089 1574).
456 2048 493 2088 5)
509 2060 536 2080 c.
553 2049 609 2087 37,
623 2059 664 2090 p.
681 2048 767 2080 488:
792 2050 854 2082 Set
873 2049 951 2081 dum
968 2050 1072 2082 valde
1091 2051 1215 2084 fuisset
1230 2062 1354 2094 nempe
1374 2057 1492 2085 oratus
1513 2064 1532 2085 a

53 2098 151 2136 patre
171 2096 280 2137 ipsius
295 2096 497 2128 monasterii
511 2096 684 2139 simulque
705 2098 834 2140 quippe
855 2102 889 2130 et
908 2109 929 2129 a
947 2099 1121 2140 fratribus,
1140 2104 1177 2131 ut
1195 2100 1412 2142 praedictam
1429 2112 1530 2143 regu-

53 2142 135 2182 lam,
154 2143 321 2185 quicquid
338 2144 518 2177 obscurius
534 2145 691 2177 invenire
707 2146 850 2186 ibidem,
869 2147 903 2177 in
927 2147 1046 2189 patulo
1065 2148 1240 2190 proderet,
1260 2149 1335 2191 ipse
1351 2160 1434 2182 vero
1449 2150 1530 2182 obe-

54 2190 190 2223 dienter
215 2192 423 2225 omnimodis
442 2203 479 2224 se
497 2193 583 2225 talia
609 2194 770 2226 nimirum
789 2194 982 2237 adimplere
1010 2197 1201 2238 respondit,
1230 2202 1335 2239 atque
1363 2199 1530 2240 quicquid

56 2238 236 2271 obscurius
262 2239 394 2271 ibidem
421 2242 597 2283 repperire
624 2243 748 2284 potuit,
775 2243 927 2275 mirabili
963 2244 1133 2276 relatione
1159 2246 1194 2276 in
1221 2245 1341 2288 patulo
1375 2247 1530 2288 protulit,

56 2285 285 2328 codicemque
311 2287 408 2319 illum
436 2289 551 2331 ‘super
575 2290 745 2332 regulam'
781 2291 953 2334 appellari
988 2294 1180 2335 praecepit.
1233 2294 1380 2337 Scripsit
1416 2299 1531 2328 autem

57 2337 91 2366 et
117 2334 187 2365 alia
213 2335 379 2367 nonnulla
407 2337 575 2378 opuscula
602 2348 760 2371 sermone
788 2339 979 2373 luculento.
1033 2340 1084 2384 Cf.
1112 2342 1176 2373 hac
1203 2342 1244 2374 de
1270 2353 1306 2374 re
1333 2342 1529 2375 Betlznzann

50 2393 90 2423 y).
120 2382 201 2413 299.
261 2381 374 2414 Codcoe
406 2383 587 2417 Bobe'ensis
622 2397 648 2417 s.
692 2386 735 2419 X.
772 2394 889 2429 aperte
924 2389 1022 2420 dicit:
1058 2390 1188 2432 Incipit
1224 2392 1394 2433 expositio
1430 2391 1531 2423 Pauli

58 2429 197 2462 diaconi
224 2441 328 2473 super
362 2440 519 2473 regmam
556 2435 667 2466 saneti
694 2435 880 2468 Benedicti
917 2437 1064 2469 abbatis,
1121 2436 1307 2480 Cuificlem
1335 2438 1529 2471 hahendam

56 2488 127 2510 esse
146 2483 248 2519 puto.
276 2497 321 2502 —
349 2478 440 2512 Ihicl.
472 2492 512 2521 p.
540 2481 630 2512 489:
664 2483 777 2524 ipsum
804 2484 986 2526 palatium,
1015 2485 1110 2527 quod
1139 2487 1368 2528 princeps...
1392 2487 1530 2519 Arichis

55 2527 178 2558 struxit
197 2528 231 2558 in
258 2532 449 2560 memorata
477 2529 697 2562 Salernitana
717 2531 812 2571 urbe,
840 2532 996 2574 undique
1015 2534 1127 2576 ipsum
1148 2535 1304 2566 versibus
1331 2534 1530 2567 illustravit.

57 2574 119 2607 Set
145 2576 227 2617 quia
260 2576 398 2608 fuerunt
432 2579 643 2619 sequestrati
671 2583 703 2610 et
738 2584 880 2621 propter
912 2582 1014 2623 longo
1051 2586 1207 2624 tempore
1243 2586 1322 2614 sunt
1354 2585 1530 2624 vetustati,

56 2632 237 2655 numerare
265 2624 454 2666 legercquc
482 2626 561 2657 illos
588 2628 820 2669 nequivimus.
872 2629 959 2660 Nam
997 2631 1024 2661 si
1062 2631 1095 2661 in
1131 2641 1200 2662 una
1235 2632 1363 2674 quippe
1399 2633 1530 2674 pagiua

55 2670 201 2703 fuissent
236 2674 334 2712 nexi,
376 2684 579 2716 comparare
615 2675 693 2707 illos
726 2677 883 2718 profecto
917 2679 1148 2719 potuissemus
1182 2679 1317 2711 Maroni
1353 2681 1531 2712 volumina

55 2719 212 2752 nimirum
243 2721 438 2763 Catonique
473 2723 546 2754 sive
576 2724 731 2765 profecto
768 2725 810 2756 de
847 2725 926 2756 aliis
962 2726 1138 2768 sophistis.
1192 2727 1283 2759 Num
1323 2728 1467 2760 ‘Versus
1497 2728 1528 2760 in
