1852 3141
267 131 334 160 249
460 128 603 160 PAULI
632 125 861 158 HISTORIA
888 125 1329 159 LANGOBARDORUM.
1380 126 1472 159 LIB.
1500 127 1563 159 VI.

268 239 467 294 optenuit,
506 238 589 277 iam
631 242 765 277 aetate
802 243 991 276 maturus
1029 235 1153 276 huius
1193 236 1303 277 vitae
1335 250 1504 277 cursum
1541 236 1749 292 explevit,

267 307 505 349 corpusque
536 293 625 333 eius
646 292 689 331 in
717 290 893 331 basilica
923 289 1036 330 beati
1057 290 1234 330 Adriani
1265 293 1472 346 martyris,
1504 292 1577 334 ubi
1599 299 1639 333 et
1660 293 1749 333 eius

265 350 430 404 genitor
471 348 712 403 requiescit,
755 345 964 401 sepultum
1008 352 1081 386 est.
1155 346 1255 387 Fuit
1298 354 1439 387 autem
1484 349 1550 389 vir
1593 347 1749 389 multae

266 404 516 459 sapientiae,
559 401 732 443 consilio
773 416 918 455 sagax,
950 401 1071 456 piusa
1100 400 1329 441 admodum
1361 409 1401 443 et
1429 403 1545 456 pacis
1575 411 1749 455 amator,

266 459 391 501 bellib
426 464 699 514 praepotens,
740 456 1080 512 delinquentibus
1122 455 1317 509 clemens,
1355 465 1507 510 castus,
1549 459 1750 513 pudicus,

267 523 406 556 orator
434 512 627 568 pervigil,
658 513 893 554 clemosinis
918 512 1073 567 largus,
1103 511 1334 554 litterarum
1365 512 1535 567 quidem
1565 514 1750 567 ignarus,

267 571 341 611 sed
370 569 628 626 philosophis
659 567 927 623 aequandus,
967 568 1146 608 nutritor
1178 568 1328 622 gentis,
1371 567 1513 622 legum
1552 583 1750 622 augmen-

267 634 385 668 tator.
444 625 528 666 Hic
558 625 676 665 initio
707 624 827 678 regni
857 624 922 664 sui
943 623 1236 664 Baioariorum
1266 622 1447 678 plurima
1469 630 1607 665 castra
1627 625 1749 679 cepit,

265 681 358 738 plus
380 695 544 736 semper
574 679 830 721 orationibus
862 693 986 735 quam
1032 680 1158 719 armis
1188 678 1334 728 fidens,
1372 679 1559 720 maxima
1587 693 1751 734 semper

267 752 367 779 cura
406 737 668 778 Francorum
698 735 1000 790 Avarumquec
1038 749 1187 790 pacem
1220 735 1501 776 custodiens1.

613 805 827 853 ΙΞῚΝΙΤ(1
865 804 1067 852 LIBER
1104 803 1367 852 SEXTUS
1385 814 1414 853 Ε.

266 900 294 933 a)
318 902 388 925 deest
409 901 435 924 A
449 900 475 924 3.
539 898 570 930 b)
595 899 702 929 reliqua
727 899 755 922 in
778 898 800 922 B
815 898 830 922 3
854 899 905 929 chz'
927 901 1076 929 nequeunt.
1140 897 1167 929 c)
1191 898 1262 922 deest
1287 897 1312 923 G
1328 898 1373 923 5a.
1389 905 1421 928 c,
1446 897 1637 928 aliorumque
1659 898 1681 922 F
1697 898 1745 929 3a;

266 939 295 972 εἱ)
319 940 357 964 lea
373 940 397 964 E
424 940 448 963 1.
470 939 493 963 F
520 940 550 965 1:
574 938 707 969 Explicit
730 938 820 961 ceteri.
924 936 951 968 e)
975 937 1010 962 (le
1032 937 1158 961 historia
1182 937 1450 967 Langobardorum
1474 937 1538 961 add.
1560 937 1586 961 A
1610 938 1635 966 2,
1659 941 1687 961 et
1709 937 1752 962 ul-

266 980 355 1004 timus
378 978 525 1003 historiae
550 978 647 1008 gentis
672 976 755 1009 (ἄπες
780 977 799 999 F
823 975 851 1007 5)
875 976 1146 1005 Langobardorum
1168 976 1194 1000 D
1217 976 1244 1001 4.
1268 976 1291 1000 P
1315 976 1340 1004 5,
1374 977 1405 1000 in
1427 976 1555 1000 historia
1577 976 1752 1006 Longobar-

267 1020 372 1044 dorum
395 1018 475 1042 edita
498 1024 515 1041 a
538 1016 634 1040 Paulo
657 1015 900 1046 historiographo
923 1015 960 1046 H,
983 1022 1071 1039 amen
1094 1016 1118 1039 E
1142 1017 1173 1045 l?
1196 1015 1358 1046 Hystoriae
1381 1015 1652 1045 Langobardorum
1677 1016 1753 1040 liber

267 1064 309 1085 VI.
343 1056 467 1087 explicit
498 1056 524 1080 D
551 1055 582 1085 33
615 1055 747 1085 Explicit
770 1054 848 1078 liber
870 1057 972 1078 sextus
994 1054 1081 1078 Pauli
1104 1054 1139 1077 de
1162 1054 1254 1084 gestis
1276 1054 1546 1085 Longobardox-um
1578 1054 1604 1078 D
1629 1055 1660 1085 ὃς
1694 1054 1751 1079 Ex-

274 1094 403 1125 pliciunt
425 1097 511 1126 gesta
531 1093 802 1123 Longobardorum
824 1092 850 1117 A
872 1094 899 1117 4.
925 1107 958 1111 -
984 1093 1015 1117 In
1040 1093 1065 1117 A
1089 1093 1103 1117 6
1125 1093 1241 1124 Ieyilur:
1274 1093 1318 1117 Ab
1341 1093 1472 1118 adventu
1495 1093 1632 1124 Longob.
1658 1100 1751 1124 usque

271 1135 308 1159 ad
339 1141 452 1159 annum
475 1133 577 1158 domni
601 1132 767 1156 Grimoaldi
791 1135 859 1156 suut
889 1132 961 1156 anni
993 1136 1100 1157 CCXLX.
1140 1144 1167 1149 —
1205 1132 1287 1157 Codd.
1320 1132 1341 1156 C
1366 1132 1448 1157 1—3.
1482 1132 1508 1156 D
1534 1133 1558 1158 1.
1581 1132 1594 1156 I
1619 1133 1631 1156 1
1656 1133 1750 1163 capita

269 1174 315 1199 52.
338 1177 361 1197 ec
384 1173 430 1198 53.
453 1179 542 1203 supra
566 1172 668 1195 omissa
692 1171 810 1195 malunt.

271 1236 304 1271 1)
334 1234 472 1267 Nostris
507 1234 629 1266 diebus
657 1233 874 1275 Lizctprancli
900 1233 990 1275 reyls
1018 1233 1170 1264 tumulus
1198 1244 1266 1264 non
1294 1233 1329 1265 in
1363 1232 1509 1265 basilica
1536 1234 1569 1265 (Z.
1597 1232 1751 1266 Adriani

267 1284 440 1326 martyris,
468 1287 505 1315 ut
531 1282 668 1314 Paulus
695 1281 750 1314 hic
785 1281 912 1320 scribit,
950 1281 1010 1313 scd
1038 1281 1073 1312 ἱη
1110 1282 1221 1313 altera
1255 1293 1284 1313 s.
1311 1281 1407 1314 Petri
1435 1282 1470 1313 ῖη
1499 1281 1595 1313 Coelo
1631 1293 1749 1315 aureo.

268 1332 459 1374 Scriptores
494 1330 690 1363 Ticc'nenses
720 1330 798 1362 inde
835 1329 1042 1362 translatum
1073 1334 1212 1371 putant,
1248 1328 1349 1362 immo
1379 1329 1499 1362 iterum
1527 1330 1597 1362 loco
1624 1336 1751 1362 motum

266 1380 419 1413 scribunt
447 1380 480 1412 ι’·7ι
507 1379 627 1412 eadem
655 1378 800 1411 basilica
826 1378 938 1411 sancti
965 1376 1076 1410 Petri.-
1108 1377 1235 1419 quippe
1262 1378 1342 1410 olim
1371 1379 1418 1410 ad
1453 1378 1644 1421 ingres-sum
1673 1390 1750 1411 con-

257 1428 427 1471 sessionis
447 1427 613 1460 columnis
641 1433 793 1470 qzcatuor
813 1426 991 1469 impositus·
1019 1425 1306 1468 conspiciebatur,
1336 1438 1429 1459 >nunc
1448 1438 1528 1459 vero
1547 1438 1589 1459 ex
1616 1427 1748 1459 ἀίω-εἰσ

266 1490 336 1510 sac.
364 1489 456 1510 conc.
483 1476 637 1509 Triclenl.
666 1476 762 1508 humi
787 1481 918 1507 stratus
940 1480 1019 1507 ante
1040 1475 1241 1516 proximam
1270 1487 1370 1507 aram
1388 1487 1415 1508 s.
1446 1474 1610 1508 Severino
1629 1475 1750 1508 Boete‘o

266 1527 430 1559 dicatam.
483 1525 583 1557 Haec
611 1523 656 1556 ibi
683 1525 809 1568 Zeyitur
836 1524 1058 1567 epigraphes:

410 1574 558 1606 Flavius
586 1575 652 1605 hoe
679 1573 813 1605 tumulo
840 1572 1079 1615 Liutprandus
1108 1572 1278 1611 conditur,
1306 1572 1387 1604 olim

411 1622 726 1664 Langobardorum
754 1632 815 1653 rex
841 1621 1005 1663 inclytus,
1033 1631 1115 1652 acer
1140 1622 1175 1652 in
1206 1621 1311 1652 armis

410 1673 456 1704 Et
483 1670 577 1703 bello
604 1672 734 1710 victor;
762 1670 914 1702 Sutrium
943 1675 1048 1711 atque
1076 1670 1237 1701 Bononia
1263 1668 1401 1701 firmant

411 1720 489 1752 Hoc
520 1724 553 1751 et
579 1719 785 1761 Ariminum,
814 1728 953 1750 necnon
979 1718 1112 1750 invicta
1142 1716 1277 1759 Spoleti

411 1769 571 1806 Moenia,
600 1778 751 1809 namque
780 1768 848 1798 sibi
874 1767 963 1798 haec
991 1767 1141 1798 subiecit
1167 1766 1288 1797 fortior
1314 1767 1430 1797 armis.

410 1817 523 1848 Roma
549 1827 630 1848 suas
656 1817 748 1847 vires
776 1816 844 1846 iam
872 1814 1007 1857 pridem
1035 1815 1100 1846 hoc
1128 1814 1239 1845 milite
1266 1814 1374 1846 multo

411 1865 566 1897 Obsessa
594 1865 752 1905 expavit3
783 1863 938 1895 deindea
965 1866 1138 1894 tremuere
1166 1862 1303 1894 feroces

411 1913 530 1954 Usque
560 1912 739 1951 Saraceni,
769 1922 854 1953 quos
883 1910 1027 1953 dispulit
1052 1911 1213 1952 impiger,
1240 1910 1328 1952 ipso,

413 1961 498 1993 Cum
525 1964 724 2002 premerent
751 1960 883 1999 Gallos,
909 1959 1040 1990 Karolo
1068 1962 1235 2000 poscente
1262 1958 1392 1995 iuvari,

411 2009 584 2050 Ungarus,
613 2019 633 2040 a
660 2007 734 2040 solo
763 2008 828 2039 hoc
856 2007 995 2039 adiutus
1022 2008 1180 2038 Francus
1209 2011 1242 2038 et
1269 2016 1389 2038 omnes

409 2058 528 2089 Vicini
554 2062 656 2098 grata
684 2057 862 2098 degebant
888 2066 977 2098 pace
1004 2066 1065 2098 per
1092 2065 1223 2087 omnes.

410 2107 508 2146 Rege
536 2106 598 2137 sub
626 2106 694 2137 hoc
719 2104 827 2144 fulsit,
855 2104 948 2146 quod
972 2105 1095 2136 mirum
1125 2109 1187 2143 est,
1215 2106 1338 2135 sancta
1364 2102 1599 2145 frequensque

410 2153 576 2195 Relligio,
602 2158 640 2185 ut
665 2153 825 2185 recolunt
851 2153 970 2195 Alpes,
998 2152 1152 2184 ecclesia
1179 2161 1325 2193 quarum

411 2203 512 2234 Hanc
538 2202 661 2234 habuit
682 2203 845 2234 vincente
872 2203 961 2244 ips0,
990 2205 1022 2233 et
1049 2199 1286 2243 praegrandia
1311 2198 1453 2242 templa,

411 2252 509 2291 Quae
535 2252 658 2283 vivens
686 2251 820 2290 struxit,
849 2250 973 2292 quibus
1002 2254 1036 2281 et
1061 2249 1216 2281 famosus
1242 2249 1277 2279 in
1306 2248 1390 2280 orbe

412 2300 558 2341 Semper
585 2303 620 2331 et
646 2303 808 2331 aeternus
835 2298 999 2330 lustrabit
1024 2297 1167 2330 saecula
1195 2300 1332 2336 cuncta,

409 2348 605 2390 Praecipue
632 2348 737 2379 Petro
764 2347 909 2379 coelesti
934 2346 1001 2378 hac
1028 2346 1112 2378 sede
1141 2341 1284 2377 dicatab

413 2396 611 2436 Clavigero,
639 2397 767 2435 statuit,
786 2395 895 2427 Coelo
923 2405 1027 2437 quam
1053 2394 1220 2437 providus
1245 2393 1381 2433 Aureo,

409 2445 626 2485 Augustinus
654 2445 714 2476 ubi
740 2444 808 2475 huc
836 2443 978 2475 aliunde
1005 2442 1178 2474 abductus
1207 2441 1331 2473 eodem

408 2493 507 2534 Rege
533 2493 638 2531 iacet,
667 2493 764 2524 cuius
792 2491 952 2524 doctrina
979 2491 1131 2523 ecclesia
1156 2489 1278 2531 fulget.
1331 2489 1392 2521 BI.

265 2537 407 2569 Ealitmn
435 2546 482 2572 est
508 2540 569 2576 hoc
596 2539 822 2582 epitaphium,
849 2540 952 2571 multo
974 2543 1055 2581 post
1082 2543 1222 2570 mortem
1248 2538 1318 2580 ejus
1335 2537 1486 2579 factum,
1512 2536 1614 2568 eliam
1640 2548 1661 2568 α
1689 2535 1742 2568 Βί-

264 2585 377 2628 gonio,
404 2587 458 2620 De
484 2599 588 2631 reyno
618 2588 744 2620 Italiae
783 2588 840 2620 lib.
867 2587 939 2619 HI
960 2588 1030 2625 (ecl.
1059 2587 1180 2627 1691),
1200 2597 1241 2628 p.
1273 2587 1327 2625 71,
1356 2585 1453 2627 cujus
1480 2595 1541 2626 ope
1568 2585 1741 2626 quaedam

266 2635 456 2675 emendavi,
485 2642 515 2668 et
547 2636 672 2678 Troya,
702 2635 784 2668 Cod.
807 2636 893 2677 dipl.
923 2635 988 2668 λ’ν.
1018 2635 1101 2675 564,
1128 2634 1197 2675 IV,
1219 2645 1258 2676 p.
1290 2635 1370 2667 135.

265 2705 294 2736 a)
317 2706 459 2738 deinceps
480 2706 509 2733 S.
589 2706 620 2740 b)
643 2708 741 2732 locata
763 2707 792 2734 S.
