1789 3087
396 54 540 86 PAULI
567 54 795 87 HISTORIA
822 54 1264 88 LANGOBARDORUM.
1547 56 1565 86 9

146 164 241 206 Η30
271 178 346 219 pro
377 177 506 205 causa
536 163 718 205 Grecam
748 164 872 205 doces
903 163 1076 205 clericos
1105 165 1423 219 grammaticam

201 225 378 271 nostros,
407 226 482 261 uta
510 220 555 260 in
584 220 672 260 eius
702 226 882 275 pergant
910 225 1125 260 manentes
1156 220 1371 276 obsequio,

202 282 242 317 et
273 274 499 316 Graiorum
528 274 751 316 videantur
781 274 933 316 eruditi
962 274 1131 330 regulis.

617 402 821 441 Versus
861 400 1031 441 Pauli.

147 481 283 533 Sensi,
316 481 433 521 cuius
463 480 592 521 verba
622 480 713 535 cepi
743 487 915 520 exarata
944 480 1124 534 paginis.

199 550 297 576 nam
328 550 352 576 a
382 549 450 575 ma
482 549 536 576 110
569 543 663 575 sunt
691 535 860 586 directa,
892 548 998 589 quae
1027 534 1204 589 pusillus
1234 536 1399 590 detulit3

202 591 329 632 fortes
360 606 426 632 me
452 550 600 631 {certi
630 588 809 644 pulsant,
840 604 923 629 non
953 589 1118 630 inbellis
1148 592 1280 645 pueri.

144 658 325 712 Magnus
355 658 474 699 dicor
502 663 720 712 poetarum
750 663 981 711 vatumque
1012 657 1279 698 doctissimus

200 713 469 768 omniumque
498 712 761 766 praeminere
791 712 981 766 gentium
1013 711 1178 767 eloquio

200 768 336 809 cordis
367 775 407 809 et
436 767 598 823 replere
628 782 725 807 rura
753 766 945 808 fecundis
976 768 1218 809 seminibus.

143 835 297 876 Totum
327 834 406 876 hoc
436 835 478 875 in
506 848 644 876 meam
675 848 799 875 cerno
829 833 1038 889 prolatum
1069 835 1302 888 miseriam3

201 896 334 931 totum
364 889 443 931 hoc
474 891 516 930 in
546 904 687 931 meum
719 897 848 945 caput
877 889 1036 930 dictum
1066 905 1142 945 per
1172 890 1413 945 hyroniam,

201 945 358 987 eheub!
390 944 585 986 laudibus
616 945 787 986 deridor
817 951 857 985 et
887 946 1072 986 cacinnis
1105 946 1333 1001 obprimor.

144 1013 278 1053 Dicor
307 1012 455 1054 similis
485 1013 687 1064 Homero,
718 1011 873 1053 Flacco
905 1020 946 1053 et
976 1012 1177 1068 Vergilio,

199 1067 358 1109 similor
388 1067 574 1110 Tertullo
607 1069 723 1109 sivec
752 1067 919 1108 Philoni
948 1068 1235 1123 Memphitico,

199 1124 275 1165 tibi
306 1137 485 1179 quoque,
516 1123 772 1165 Veronensis
803 1137 826 1163 0
858 1122 1036 1176 Tibulle,
1068 1124 1270 1165 conferor.

140 1192 330 1243 Peream,
361 1191 395 1231 si
427 1205 666 1246 quenquam
695 1190 843 1231 horum
874 1191 1029 1231 imitari
1060 1193 1197 1246 cupio,

197 1247 319 1287 aviad
351 1246 423 1302 qui
453 1252 548 1286 sunt
577 1247 729 1299 secuti3
761 1254 983 1301 pergentes
1014 1261 1091 1302 per
1120 1247 1281 1287 invium

196 1302 335 1358 potius
366 1300 441 1342 sed
469 1302 571 1342 istos
603 1316 681 1356 ego
712 1301 951 1356 conparabo
982 1302 1170 1343 canibus.

143 1368 317 1411 Graiam
346 1369 488 1410 nescio
518 1367 754 1423 loquellam,
785 1369 933 1423 ignoro
964 1368 1240 1420 Hebraicam3

197 1432 279 1466 tres
309 1430 382 1465 aut
412 1430 610 1478 quattuor
639 1426 683 1465 in
713 1423 835 1464 scolis
867 1439 969 1479 quas
1001 1424 1130 1465 didici
1162 1424 1356 1479 syllabas,

199 1495 252 1521 ex
282 1480 346 1520 his
378 1478 480 1519 mihi
511 1486 573 1520 est
601 1479 797 1520 ferendus
829 1479 1038 1534 maniplus
1073 1479 1126 1520 ad
1157 1494 1310 1521 aream.

141 1545 267 1588 Nulla
296 1546 398 1586 mihi
428 1552 500 1586 aut
528 1546 720 1587 flaventis
751 1554 814 1587 est
842 1546 998 1588 metalli
1029 1548 1152 1602 copia

196 1609 269 1643 aut
297 1602 460 1642 amenti
490 1602 578 1642 sive
609 1616 750 1657 opum,
781 1601 932 1642 desunt
962 1608 1002 1643 et
1032 1603 1289 1658 marsuppia.

196 1658 325 1699 Vitam
371 1657 502 1698 itteris
530 1658 573 1697 ni
605 1671 754 1709 emam,
785 1657 888 1697 nihil
917 1664 979 1698 est
1010 1658 1123 1713 quod
1153 1659 1347 1700 tribuam.

141 1726 332 1767 Pretiosa
363 1738 555 1780 quaeque
585 1725 705 1766 vobis
736 1724 847 1765 dona
876 1724 1011 1766 ferant
1041 1725 1210 1779 divites3

196 1779 267 1821 alii
297 1786 544 1835 conportent
572 1794 761 1835 gemmas
791 1780 1044 1836 Indicosque
1073 1780 1254 1836 lapides,

197 1849 291 1877 meo
322 1850 429 1891 pura
458 1834 666 1876 tribuetur
694 1835 890 1877 voluntas
920 1837 962 1876 in
992 1851 1178 1878 munere.

141 1903 342 1945 Anchora
371 1917 437 1943 me
468 1902 556 1943 sola
584 1903 713 1944 vestri
742 1902 810 1943 hic
841 1904 995 1945 amoris
1027 1904 1196 1957 detinet,

197 1965 342 2000 nectar
372 1973 494 2000 omne
526 1958 639 2014 quod
668 1958 882 2013 praecellit
913 1959 1109 2015 quodque
1140 1959 1291 2014 flagrat
1322 1961 1491 2016 optimc.

195 2028 280 2055 non
311 2014 362 2054 de
391 2013 538 2055 litteris
570 2021 788 2070 captamus
819 2029 952 2055 vanae
981 2014 1149 2056 laudem
1179 2015 1351 2070 gloriae.

140 2081 229 2123 Nec
260 2096 326 2122 me
355 2080 468 2134 latet,
500 2081 573 2123 sed
604 2081 758 2134 exulto,
792 2082 905 2137 quod
936 2089 1084 2137 pergat
1114 2089 1228 2124 trans
1259 2084 1391 2124 maria

195 2143 348 2189 vestra,
379 2144 527 2189 rector,
559 2143 599 2178 et
628 2144 821 2193 capessat
850 2144 1060 2192 sceptrum
1090 2137 1266 2193 pulchra
1295 2139 1393 2192 filia,

198 2198 244 2232 ut
272 2207 349 2247 per
377 2199 519 2233 natam
549 2193 669 2247 regni
698 2194 808 2234 vires
837 2194 1062 2235 tendantur
1091 2196 1135 2234 in
1166 2195 1323 2235 Asiam.

145 2259 190 2300 Si
219 2273 302 2298 non
333 2258 513 2314 amplius
543 2260 586 2299 in
615 2259 685 2299 illa
714 2261 884 2314 regione
915 2259 1054 2302 cleriei

201 2312 388 2354 Graecae
418 2314 633 2368 proferunt
660 2315 866 2370 loquillae,
899 2330 1026 2371 quam
1056 2330 1080 2356 a
1109 2331 1175 2358 mc
1206 2317 1439 2369 didicerint,

200 2369 340 2420 vestri,
373 2369 499 2409 mutis
529 2369 698 2410 similati
729 2370 971 2411 deridentur
1000 2373 1161 2412 statuis.

127 2434 230 2477 *Sed
262 2436 430 2476 omnino
461 2451 512 2477 nc
542 2435 780 2490 linguarum
811 2437 949 2477 (1103111
981 2452 1070 2478 csse
1100 2438 1279 2490 nescius,

199 2505 347 2546 pauca,
378 2491 478 2531 mihi
510 2505 617 2547 quac
647 2491 815 2532 fuerunt
843 2492 996 2533 tradita
1026 2493 1212 2547 puerulo,

200 2546 357 2601 dicam3
390 2553 529 2588 cetera
555 2547 752 2601 sugerunt
781 2547 864 2587 iam
895 2555 1096 2602 gravante
1128 2549 1263 2589 senio:

86 2676 116 2710 a)
139 2678 209 2704 deest
232 2685 254 2704 c.
336 2677 366 2711 b)
390 2678 447 2704 heu
470 2686 491 2704 c.
574 2678 599 2710 c)
624 2685 675 2704 scu
698 2686 719 2704 c.
803 2678 832 2711 d)
856 2672 925 2705 avia
946 2687 967 2703 c.
