1852 3141
294 111 438 144 PAULI
464 110 693 144 HISTORIA
719 111 1160 146 LANGOBARDORUM.
1212 113 1304 146 LIB.
1333 114 1401 147 111.
1516 115 1581 146 131

121 223 321 278 patricius
360 236 385 262 a
424 221 645 263 daemonio
685 236 769 263 non
800 223 980 265 iniustea
1011 231 1268 278 correptus1,
1300 239 1586 267 successorem
1600 236 1654 263 589
1666 239 1797 266 ve1590.

114 279 350 320 Romanum
393 278 617 333 patricium
658 279 889 334 accipiens,
933 278 1338 335 Constantinopolim
1374 282 1585 323 remeavit.

111 334 213 374 Post
232 333 334 374 haec
363 333 474 374 facta
493 340 556 375 est
576 333 745 374 sinodus
767 333 913 375 decem
934 336 1229 391 episcoporum
1249 336 1292 376 in
1312 336 1501 378 Mariano
1513 337 1541 363 ¹³·
1557 345 1584 391 ²,

112 387 186 429 ubi
228 396 477 444 receperunt
515 388 716 431 Severum
751 390 1032 445 patriarcham
1060 390 1387 446 Aquilegensem
1417 392 1586 434 dantem

110 443 295 486 libellum
332 446 483 486 erroris
523 446 610 497 sui,
650 445 750 500 quia
784 446 909 486 trium
953 446 1231 502 capitulorum
1271 447 1584 489 damnatoribus

114 501 466 542 communicaratc
502 501 739 542 Ravennae.
810 500 993 542 Nomina
1039 516 1137 543 vero
1175 503 1470 558 episcoporum
1512 506 1584 559 qui

113 570 157 597 se
178 555 231 596 ab
252 555 330 596 hoc
353 557 545 598 scismate
561 563 576 585 3
598 555 875 597 cohibuerunt
894 556 996 598 haec
1019 565 1136 599 sunt:
1161 558 1310 599 Petrus
1332 558 1383 599 de
1403 558 1545 600 Altino
1554 566 1583 612 ⁴,

113 698 142 732 a)
166 700 243 725 iuste
266 708 342 724 corr.
365 701 475 725 iniuste
499 700 524 725 G
548 702 572 725 1.
598 702 629 732 2;
652 708 680 732 p.
704 702 825 727 eosdem
858 701 979 726 omnino
1008 702 1122 726 iniuste
1150 705 1302 733 correptos
1323 703 1346 726 F
1371 704 1383 726 1
1408 710 1420 726 e
1442 711 1531 733 corr.;
1554 711 1582 734 p.

114 738 199 763 adest
220 740 343 764 omnino
365 739 442 764 iuste
464 740 486 763 F
510 740 554 764 fila.
635 739 665 772 b)
687 740 931 765 Mauriniano'G
953 741 996 773 507
1018 748 1092 765 corr.
1115 741 1275 766 Mauriano
1299 740 1323 766 G
1338 742 1361 773 1,
1385 745 1408 765 et
1431 742 1469 766 ita
1493 742 1518 766 G
1540 740 1582 768 ⁸2.

117 779 142 804 2.
167 778 212 803 fia.
236 778 250 803 1
274 780 303 809 1;
325 779 443 803 Marino
466 778 491 803 G
514 779 540 805 3.
563 780 597 809 43
620 779 668 804 vel
689 779 827 804 Arimino
849 780 916 804 (add.
939 780 969 804 in
991 787 1078 811 mem-9,
1100 787 1173 804 corr.
1195 780 1218 804 F
1242 782 1267 804 l.
1369 779 1396 812 c)
1419 781 1582 805 communi-

113 820 196 842 caret
215 817 238 841 F
263 818 288 849 1,
310 817 419 841 duabus
440 818 539 842 litteris
559 822 624 842 ante
646 818 811 843 Ravennae
833 819 931 843 erasis.

111 940 236 972 scilicet
263 946 340 973 ante
376 939 527 972 medium
553 952 585 971 a.
615 942 696 973 590.
725 940 942 984 ,S'maraydus
974 941 1147 984 patricius
1176 941 1505 985 Constantinopolim
1531 955 1582 976 re-

115 994 252 1020 vocatus
278 1000 503 1021 successorem
530 989 650 1021 habuit
667 989 874 1022 Romanam.
903 989 1088 1033 Greyorius
1107 990 1261 1034 filagrius
1289 996 1412 1031 autem,
1440 1004 1472 1024 a.
1502 993 1582 1025 590.

109 1036 204 1078 Sept.
225 1048 329 1079 papa
354 1043 582 1077 consecratus,
624 1038 740 1070 eodem
779 1039 893 1070 adhuc
933 1051 1024 1072 armo
1063 1051 1138 1072 cum
1168 1040 1326 1083 jussione
1365 1039 1582 1082 imperatoris

110 1083 276 1118 Severum
304 1084 547 1127 patriarcham
587 1086 732 1118 Romam
767 1086 912 1126 vocavit,
949 1094 985 1119 ut
1012 1088 1059 1120 ibi
1084 1088 1319 1131 judicaretur.
1374 1088 1440 1128 Qui
1466 1090 1582 1121 statim

109 1145 186 1166 eum
211 1134 284 1166 suis
311 1133 477 1176 episcopis
505 1135 553 1166 ad
578 1134 819 1176 imperatorem
854 1135 1063 1177 appellavit;
1099 1148 1239 1179 unaque
1264 1137 1335 1180 ejus
1369 1137 1583 1179 suffrayanei

108 1182 170 1214 sub
210 1182 455 1226 Lanqobardis
493 1184 667 1215 constituti
708 1184 858 1216 libellum
899 1185 1085 1227 supplicem
1127 1184 1330 1227 imperatori
1367 1185 1579 1226 direxerunt,

107 1242 206 1273 quem
232 1230 358 1263 videsis
391 1231 487 1273 apud
512 1232 709 1264 Bar-ouium
747 1232 811 1272 IX,
840 1233 928 1273 9043
971 1234 1091 1265 fllansi
1115 1233 1158 1275 X,
1186 1234 1276 1271 463;
1322 1234 1436 1276 Troya
1463 1233 1493 1274 I,
1525 1235 1579 1275 79,

103 1285 266 1322 petentes,
294 1291 337 1311 ne
365 1280 410 1311 ad
436 1280 530 1312 illius
568 1281 748 1321 iudicium,
789 1280 949 1324 Gregorii
974 1281 1111 1323 scilicet,
1151 1287 1358 1324 cogerentur
1385 1294 1578 1323 occurrere,

108 1340 186 1360 cum
214 1339 281 1370 quo
310 1339 416 1360 causa
442 1330 519 1370 ipsa
547 1340 622 1361 esse
663 1329 889 1371 dignoscitur,
930 1335 964 1362 et
990 1331 1088 1363 cuius
1125 1332 1429 1363 communionem.
1452 1354 1460 1362 .
1481 1355 1488 1363 .
1516 1342 1578 1364 nos

107 1388 185 1409 cum
213 1378 305 1408 omni
330 1376 459 1419 populo
487 1378 677 1417 evitamus3
707 1379 868 1419 quoniam
897 1380 948 1410 sic
986 1380 1129 1411 accensi
1163 1384 1242 1411 sunt
1269 1391 1387 1411 omnes
1420 1380 1578 1413 homines

106 1425 261 1468 plebium
287 1429 483 1457 nostrarum
509 1426 544 1456 in
573 1436 678 1457 causa
703 1427 779 1466 ista,
807 1431 845 1458 ut
871 1432 950 1459 ante
978 1432 1121 1460 mortem
1148 1429 1296 1470 perpeti,
1324 1439 1426 1470 quam
1446 1429 1489 1460 ab
1518 1439 1577 1460 an—

105 1475 204 1515 tiqua
220 1473 397 1506 catholica
412 1474 591 1515 patiantur
610 1476 852 1506 communione
867 1475 1000 1508 divelli.
1026 1477 1105 1508 Hoc
1122 1481 1256 1508 tantum
1279 1476 1510 1519 deposcimus,
1530 1481 1576 1519 ut,

106 1524 188 1564 quia
215 1522 456 1554 misericordia
474 1523 543 1554 Dei
569 1524 604 1554 in
626 1523 761 1555 meliori
788 1528 882 1555 statu
908 1524 1034 1556 Italiae
1061 1529 1189 1567 partes,
1217 1525 1397 1557 laborante
1426 1524 1578 1557 fideliter

105 1571 258 1612 glorioso
285 1572 443 1602 Romano
469 1572 629 1613 patricio,
657 1572 829 1614 perduxit,
867 1578 901 1604 et
928 1574 1101 1605 credimus
1128 1584 1191 1605 nos
1226 1573 1400 1614 celeriter,
1429 1574 1577 1606 devictis

105 1620 279 1660 gentibus,
319 1619 363 1650 ad
401 1620 582 1662 pristinam
620 1620 817 1652 libertatem
858 1620 996 1661 deduci,
1025 1645 1033 1654 .
1053 1646 1061 1654 .
1082 1646 1090 1654 .
1117 1623 1186 1655 sint
1221 1622 1396 1662 induciae,
1438 1627 1472 1654 et
1499 1633 1576 1654 cum

104 1668 257 1700 iussione
284 1672 400 1700 vestra
437 1669 549 1710 parati
589 1669 716 1700 erimus
742 1669 787 1700 ad
826 1669 936 1711 pedes
973 1674 1112 1702 vestrae
1151 1671 1292 1712 pietatis
1331 1681 1513 1702 occurrere
1543 1676 1576 1703 et

103 1721 243 1748 nostrae
270 1715 353 1748 fidei
389 1716 528 1758 plenam
561 1717 709 1749 reddere
743 1718 925 1749 rationem.
988 1717 1120 1758 Quibus
1151 1719 1335 1761 iudulyens
1371 1718 1575 1760 Mauritius,

104 1764 268 1807 Greyorio
293 1764 487 1806 rescripsit:
515 1766 606 1805 Quia
630 1770 690 1798 tua
716 1767 886 1798 sanctitas
912 1768 1095 1808 cognoscit
1119 1772 1338 1810 praesentem
1365 1778 1478 1800 rerum
1505 1768 1577 1800 Ita-

102 1813 248 1845 licarum
276 1813 513 1846 confusionem
554 1818 588 1846 et
615 1814 708 1856 quod
748 1819 884 1857 oportet
921 1816 1135 1858 temporibus
1170 1820 1408 1858 competenter
1433 1818 1575 1855 versari,

101 1862 273 1901 iubemus,
306 1866 401 1894 tuam
434 1863 655 1895 sanctitatem
690 1863 888 1896 nullatenus
923 1864 1118 1896 molestiam
1155 1865 1204 1896 eis
1230 1865 1368 1905 inferre,
1405 1865 1467 1897 sed
1492 1875 1575 1898 con—

105 1910 230 1942 cedere
258 1920 317 1942 eos
344 1911 472 1943 otiosos
508 1922 597 1943 esse,
648 1910 707 1943 Ita
726 1923 794 1953 pro
830 1918 977 1954 tempore
1011 1924 1065 1945 res
1091 1911 1229 1954 quievit.
1286 1912 1423 1945 Paulus
1449 1920 1573 1952 autem,

105 1956 265 2000 Greyorii
292 1958 484 1991 admirator
510 1965 540 1991 et
567 1960 663 2002 cujas
690 1960 731 1992 de
748 1960 823 2001 fide
856 1961 1048 1993 orthodoxa
1073 1973 1144 1993 uon
1169 1967 1217 1993 est
1252 1961 1423 2001 dubietas,
1458 1961 1495 1994 vin
1522 1962 1574 1995 his

103 2011 216 2039 tame‘n
242 2013 358 2048 aperte
385 2013 415 2039 et
441 2007 588 2040 candide
607 2020 629 2039 a
652 2007 812 2050 partibus
839 2015 906 2041 stat
923 2008 1228 2052 Aquileyiensium‚
1255 2009 1376 2042 Severi
1400 2011 1443 2043 de
1464 2022 1573 2043 causa

103 2055 273 2088 communi
298 2055 592 2098 Aquileyieusz'um
617 2057 838 2098 defectionem
856 2059 985 2090 scisma
1004 2070 1130 2091 vocans
1149 2064 1249 2100 atque
1275 2070 1435 2090 errorem.
1490 2058 1572 2091 Gre-

102 2102 197 2146 9o⁷·io
224 2115 303 2136 vero
330 2110 359 2136 et
386 2104 554 2137 Romanis
581 2105 766 2137 scismatici
791 2111 873 2138 sunt
897 2105 967 2148 ipsi
991 2106 1261 2149 AquileyienseS,
1299 2119 1335 2139 eo
1362 2108 1453 2149 quod
1480 2108 1570 2139 nole-

105 2151 187 2183 hant
212 2152 309 2193 sequi
336 2152 574 2185 auctoritatem
596 2158 625 2185 et
659 2154 849 2195 eaeemplum
867 2154 1070 2197 pontificum
1096 2155 1343 2195 Romanorum,
1379 2156 1437 2197 Qui
1458 2154 1572 2198 primo

104 2199 144 2231 ob
170 2199 365 2232 Justinicmi
380 2200 571 2244 jussionem
598 2206 628 2234 et
647 2203 868 2243 postmodum
893 2203 932 2235 ob
962 2215 1086 2244 pacem
1120 2204 1279 2237 ecclesiae
1315 2203 1383 2236 tria
1417 2205 1571 2246 capitula

104 2258 175 2279 uon
202 2247 339 2288 quidem
364 2249 590 2289 damnarunt,
616 2251 676 2282 sed
702 2262 818 2282 eorum
843 2251 1107 2284 damnatoribus
1141 2252 1446 2285 communicarant.
1498 2254 1571 2284 BE.

107 2294 143 2337 1)
171 2294 227 2326 ‘In
254 2307 330 2328 voce
357 2298 561 2339 sparsafra
581 2300 616 2330 la
635 2298 746 2339 plebe,
774 2310 790 2331 e
807 2299 914 2332 Paolo
934 2311 1037 2341 prese
1056 2311 1130 2331 una
1148 2302 1199 2332 tal
1223 2300 1357 2332 diceria
1375 2312 1442 2342 per
1470 2301 1574 2333 buoni

104 2342 234 2376 danari
258 2344 432 2377 contanti'.
451 2346 563 2378 MUR.
615 2345 808 2379 Revocatus
825 2346 901 2386 fuit
929 2353 1007 2379 ante
1032 2348 1181 2380 medium
1201 2360 1230 2380 (ι.
1259 2349 1350 2386 59Ο;
1377 2355 1457 2381 tunc
1483 2349 1568 2381 enim

105 2392 285 2424 Romanus
311 2394 382 2435 ejus
407 2404 581 2426 successor
597 2393 674 2435 jam
708 2395 886 2435 epistolam
922 2394 1057 2437 scripsit
1091 2397 1138 2428 acl
1174 2395 1436 2437 Olcildebertum‚
1475 2398 1572 2439 apud

106 2439 345 2473 Duclcesnium
371 2441 400 2480 J,
429 2442 518 2478 871‚·
553 2442 665 2484 Bouq.
692 2442 759 2482 IV,
786 2442 852 2480 86;
892 2442 1006 2485 Troya
1031 2443 1061 2483 I,
1098 2445 1153 2476 64.
1180 2446 1254 2477 BE.
1354 2444 1391 2486 ⁶2)
1419 2445 1571 2478 Mat-ano

99 2500 211 2531 prope
247 2489 414 2530 Venetia-s,
441 2490 477 2521 iu
505 2489 655 2532 Layzma
693 2491 750 2523 det
774 2491 900 2524 Friuli.
961 2492 1051 2523 Acta
1090 2493 1191 2535 hujus
1230 2493 1354 2535 synodi
1390 2493 1570 2535 deperdita

105 2542 203 2575 szmt;
230 2537 271 2569 cle
298 2549 340 2570 ca
365 2544 506 2581 egerunt
533 2538 694 2571 Nori-sius
721 2539 763 2571 de
789 2540 911 2580 quinta
935 2540 1065 2582 synodo
1091 2540 1156 2581 IX,
1187 2542 1224 2579 1;
1251 2541 1383 2584 Payius
1411 2546 1441 2574 et
1467 2542 1568 2574 illan-

102 2586 174 2618 sius
202 2586 248 2618 ad
266 2586 398 2618 Bar-on.
427 2598 461 2619 a.
481 2587 570 2624 590,·
596 2587 650 2619 De
676 2586 815 2626 Rubeis,
842 2588 936 2621 Mon.
964 2587 1080 2630 Aquil.
1108 2601 1136 2621 c.
1165 2589 1221 2621 29.
1261 2591 1334 2622 BE.
1435 2589 1473 2633 3)
1501 2591 1521 2623 i.
1542 2602 1570 2624 e.

104 2633 267 2667 scissione
305 2634 395 2667 ‘inter
429 2634 602 2677 episcopos
646 2634 859 2679 Aquileyiae,
907 2648 1054 2679 eousque
1094 2637 1130 2669 ἱη
1163 2637 1317 2671 vitandis
1343 2639 1447 2672 trium
1473 2640 1569 2681 capi-

104 2683 254 2715 tulorum
292 2684 554 2716 damnatoribus
593 2685 786 2725 concordes,
826 2691 864 2717 ut
900 2689 987 2719 recte
1025 2686 1173 2728 explicat
1211 2686 1264 2720 De
1303 2686 1443 2721 Rubeis.
1493 2688 1568 2722 BE.

103 2732 139 2773 4)
167 2730 283 2764 Altino
304 2744 414 2774 prope
446 2731 601 2765 Torcelli.

1223 2803 1267 2834 9.
