1852 3141
313 107 356 138 80
519 107 665 139 PAULI
693 107 923 140 HISTORIA
951 106 1396 140 LANGOBARDORUM.
1448 105 1542 139 LIB.
1570 106 1598 138 Ι.

312 217 623 272 Θρρί(ὶοι’ῑιηι«”;
656 218 723 257 cui
754 217 959 256 successit
990 216 1284 257 Cunimundus
1316 218 1358 257 in
1388 231 1533 272 regno.
1593 216 1679 268 Qui
1709 217 1799 256 vin-

310 273 450 314 dicare
490 279 654 313 veteres
695 271 958 326 (jepidorum
999 271 1204 311 iniuriasb
1247 273 1438 327 cupiens,
1488 274 1656 327 inrupto
1701 286 1799 312 cum

311 327 603 383 Langobardis
650 325 838 377 foedere,
882 325 1039 366 bellum
1079 327 1218 380 potius
1263 342 1389 382 quam
1435 342 1582 383 pacem
1628 326 1797 382 elegitl.

309 383 464 424 Alboin
494 398 596 423 vero
620 396 716 422 euin
747 381 961 422 Avaribus
975 388 1002 433 0,
1035 381 1107 442 qui
1139 383 1322 436 primum
1354 382 1536 436 Hunnid,
1566 391 1714 438 postea
1745 383 1796 424 de

310 440 419 494 regis
450 438 636 493 propriie
668 438 836 477 nomine
868 436 1052 477 Avares*
1087 436 1287 492 appellati
1319 445 1435 489 sunt,
1472 438 1619 479 foedus
1651 452 1798 493 perpe-

310 501 427 534 tuum
465 494 557 534 iniit
571 501 598 533 ².
657 492 825 534 Dehine
856 492 910 533 ad
940 500 1236 547 praeparatum
1268 506 1292 532 a
1313 492 1490 548 Gepidis
1520 493 1673 535 bellum
1705 508 1799 549 pro-

308 549 442 591 fectus
473 555 547 590 est.
606 548 691 600 Qui
722 563 817 589 eum
850 547 1050 589 adversus
1090 562 1185 588 eum
1217 563 1239 589 e
1280 548 1446 589 diverso
1484 555 1800 604 properarentg,

310 604 484 657 Avares,
507 605 571 645 uth
597 618 692 645 eum
711 603 867 645 Alboin
889 604 1149 657 statum-anti,
1173 618 1318 644 eorum
1340 604 1519 659 patriam
1542 604 1798 648 invaserunt.

310 660 460 702 Tristis
504 660 558 701 ad
593 660 909 701 Cunimundum
954 661 1128 713 nuntius
1173 660 1359 712 veniens,
1401 659 1607 701 invasisse
1638 659 1799 700 Avares

311 717 399 757 eius
428 717 630 757 terminos
662 716 801 757 edicit.
861 715 947 767 Qui
977 721 1213 771 prostratus
1241 716 1383 755 animo
1414 721 1454 756 et
1483 715 1726 770 utrimquek
1756 715 1800 755 in

308 772 514 826 angustiis
554 772 736 827 positus,
778 771 967 812 hortatur
1006 778 1148 812 tamen
1186 785 1284 811 suos
1331 771 1513 826 primum
1556 784 1651 811 eum
1691 770 1800 811 Lan-

307 827 507 881 gobardis
538 827 783 882 confligere3
822 841 927 882 quos
959 827 992 867 si
1033 841 1231 882 superare
1261 826 1460 879 valerent,
1492 826 1663 867 demum
1682 825 1802 866 Hun-

308 884 481 924 norum¹
514 884 747 924 exereitum
793 891 852 924 em
898 883 1035 938 patria
1080 882 1293 937 pellerent.
1367 882 1656 923 Committitur
1699 895 1800 936 ergo

310 938 531 993 proelium.
591 939 832 993 Pugnatum
863 945 925 979 est
954 940 1053 979 totis
1082 938 1256 979 viribus.
1314 937 1587 992 Langobardi
1618 938 1800 979 victores

310 994 444 1035 effecti
475 1001 571 1035 sunt
581 1002 610 1047 ¹¹,
643 1000 776 1035 tant-210
799 995 842 1034 in
865 993 1054 1049 Gepidos
1075 994 1136 1034 ira
1157 994 1402 1047 saevientes⁷
1434 1001 1480 1035 ut
1501 1008 1572 1034 eos
1603 993 1657 1034 ad
1677 994 1801 1034 inter-

309 1050 511 1091 nitionem
543 1057 709 1105 usque?
741 1049 928 1091 delerent
958 1057 1086 1105 atque
1118 1065 1171 1090 ex
1203 1050 1374 1104 eopiosa
1402 1048 1696 1090 multitudine‘l
1727 1048 1802 1089 vix

309 1106 482 1146 nuntius
527 1113 808 1160 superesset&
889 1105 939 1145 In
984 1119 1032 1146 eo
1082 1104 1240 1160 proelio
1284 1104 1441 1146 Alboin
1484 1103 1802 1146 Cunimundum

311 1160 543 1213 occidite-³,
583 1167 796 1216 caputque
825 1159 937 1201 illius
968 1160 1195 1213 sublatum,
1227 1159 1281 1201 ad
1311 1160 1542 1202 bibendum
1565 1174 1619 1200 ex
1650 1174 1699 1200 eo
1730 1173 1801 1214 po-

311 1215 452 1257 culum
483 1216 593 1256 fecit.
654 1216 780 1268 Quod
802 1230 937 1271 genus
964 1216 1104 1271 poculi
1127 1215 1241 1271 apud
1262 1230 1333 1256 eos
1363 1215 1499 1256 ‘scala'
1530 1215 1695 1267 dic-itur,
1726 1215 1801 1256 lin-

309 1286 394 1326 gua
428 1286 527 1312 vero
571 1271 723 1311 Latina
764 1279 911 1326 patera
953 1273 1173 1313 vocitatur.
1247 1270 1380 1312 Cuius
1436 1270 1588 1311 filiamt
1630 1272 1800 1312 nomine

308 1326 644 1368 Rosimundamu
685 1341 780 1367 eum
812 1341 965 1381 magna
994 1327 1119 1367 simul
1155 1325 1423 1367 multitudine
1462 1326 1645 1368 diversiv
1677 1341 1803 1367 sexus

310 1390 350 1424 et
379 1383 528 1424 aetatis
549 1382 673 1423 duxit
701 1383 933 1437 captivamJ
965 1391 1132 1438 quamw,
1166 1383 1266 1438 quia
1287 1381 1593 1423 Chlotsuinda¹
1626 1380 1800 1435 obierat,

308 1439 352 1478 in
382 1452 513 1490 suam,
544 1445 591 1479 ut
618 1444 713 1493 post
742 1439 890 1493 patuit,
926 1438 1153 1493 perniciem
1166 1446 1199 1490 Y,
1241 1437 1364 1478 duxit
1402 1451 1576 1479 uxorem
1593 1445 1621 1478 ³.
1680 1437 1802 1478 Tunc

309 1493 579 1549 Langobardi
600 1500 786 1534 tantamz
817 1494 959 1549 adepti
982 1500 1078 1535 sunt
1106 1493 1321 1550 praedam,
1352 1500 1399 1535 ut
1417 1494 1530 1534 iama
1550 1492 1605 1534 ad
1635 1492 1803 1549 amplis-

312 1613 339 1646 3)
361 1614 589 1646 Gepidanorum
613 1613 638 1638 G
652 1614 683 1644 ὃς
708 1613 937 1639 Gebidanorum
961 1612 985 1638 G
1002 1614 1033 1643 1;
1059 1613 1289 1644 Gepidanorum
1312 1622 1374 1638 moz-
1396 1615 1478 1638 etiam
1502 1613 1565 1639 G4.
1580 1612 1618 1646 ’5,
1641 1613 1728 1638 ubiG
1742 1614 1767 1639 1.
1783 1612 1799 1638 3

311 1654 549 1679 Gebidanorum.
610 1652 640 1684 b)
664 1654 736 1677 deest
750 1652 775 1678 G
789 1653 819 1683 33
842 1653 956 1677 iniuria
971 1651 997 1676 G
1012 1654 1035 1677 1.
1100 1654 1126 1684 θ’)
1139 1653 1290 1678 Abaribus
1305 1653 1328 1677 F
1345 1654 1370 1678 1.
1434 1652 1464 1685 d)
1488 1653 1528 1677 ica
1541 1653 1566 1677 A
1583 1654 1595 1677 1
1619 1655 1783 1677 constanter
1796 1659 1802 1683 ς

308 1693 414 1717 Hunni
445 1700 520 1716 corr.
564 1692 647 1717 Huni
677 1692 701 1716 A
729 1692 761 1722 ἒς
802 1692 861 1716 Uni
884 1692 906 1715 F
931 1693 961 1720 13
1005 1691 1088 1715 Huni
1119 1691 1222 1722 reliqui
1244 1692 1309 1722 fere
1337 1699 1440 1716 omne&
1562 1690 1590 1723 e)
1613 1692 1685 1716 deest
1707 1692 1738 1718 P.
1763 1691 1798 1717 G.

314 1730 337 1763 f)
360 1731 497 1756 Habares
530 1731 552 1755 F
577 1732 608 1761 13
641 1731 780 1755 Bavares
814 1730 840 1755 G
866 1731 892 1755 1.
950 1730 1172 1761 Nonnumquam
1202 1731 1281 1755 codd.
1314 1730 1494 1761 Avarorum‚
1526 1730 1634 1755 Avaris
1665 1731 1801 1762 scribunt,

310 1771 454 1795 rarissime
477 1769 580 1794 Avari.
672 1768 702 1800 g)
726 1771 945 1800 praepararent
966 1769 999 1794 F.
1026 1772 1047 1790 Η
1074 1769 1201 1801 (praeter
1223 1770 1244 1794 F
1269 1770 1293 1794 2.
1320 1770 1345 1794 G
1368 1769 1414 1801 5a,
1437 1769 1484 1794 ubi
1506 1768 1797 1801 praepararentur);

310 1816 343 1835 se
364 1810 563 1841 prepararent
585 1808 598 1832 1
623 1809 638 1832 2
661 1811 684 1832 et
707 1816 718 1832 e
740 1815 816 1832 corr.
839 1809 862 1832 F
887 1809 917 1838 13
949 1807 1063 1832 bellum
1086 1816 1113 1839 p.
1139 1808 1165 1833 G
1186 1810 1212 1834 4.
1303 1807 1334 1841 h)
1358 1810 1408 1840 qui
1433 1808 1455 1834 C
1478 1807 1517 1833 ¹1.
1610 1807 1631 1840 i)
1654 1810 1802 1833 statuerat

310 1849 333 1872 F
357 1850 382 1874 1.
419 1847 444 1873 G
469 1849 494 1873 1.
518 1846 566 1878 ’ὃς
598 1849 764 1872 statuerent
800 1846 821 1872 C
845 1845 883 1874 '1.
905 1847 932 1871 D
956 1847 988 1877 13
1020 1848 1091 1871 tunc
1113 1847 1150 1872 A.
1174 1850 1208 1872 st.
1233 1846 1258 1871 G
1280 1846 1319 1873 ⁸5.
1421 1846 1452 1879 k)
1475 1850 1638 1877 utrumque
1661 1847 1686 1871 A
1709 1848 1749 1872 ’2.
1771 1848 1799 1873 4.

309 1888 334 1912 E
358 1888 389 1917 13
410 1887 531 1917 utrique
553 1886 579 1910 A
601 1884 639 1911 ⁸4.
676 1886 701 1911 G
725 1887 737 1910 1
774 1886 860 1919 (corr.
893 1885 1065 1918 utrimque).
1100 1885 1125 1910 G
1148 1886 1179 1917 33
1212 1887 1349 1916 utrisque
1383 1886 1416 1913 C.
1446 1887 1484 1911 D.
1518 1887 1540 1911 F
1563 1887 1591 1911 4.
1627 1886 1653 1911 G
1674 1887 1700 1912 4.
1732 1887 1760 1912 Η
1784 1888 1797 1911 1

312 1926 356 1959 (in
378 1933 406 1950 u.
430 1924 487 1957 a.);
510 1925 667 1956 utriusque
690 1926 702 1949 I
718 1925 751 1956 33
774 1925 868 1950 animi
890 1928 971 1949 metu
994 1925 1150 1956 tristisque
1172 1926 1194 1949 F
1208 1926 1221 1949 1
1236 1933 1249 1950 e
1269 1933 1342 1950 corr.
1369 1940 1402 1945 -—
1425 1925 1649 1956 undiquesecus
1673 1925 1758 1950 G5b.
1773 1933 1798 1951 c.

311 1965 333 1996 1)
356 1964 527 1989 Avarorum
549 1971 562 1988 e
582 1971 654 1989 corr.
678 1965 700 1988 F
718 1966 749 1995 13
772 1964 953 1988 Hunnorum
976 1964 1025 1988 hoc
1046 1964 1105 1988 Ioco
1128 1964 1209 1988 etiam
1230 1965 1257 1989 D
1283 1965 1307 1990 1.
1371 1963 1412 1996 m)
1436 1971 1454 1989 a
1475 1965 1538 1991 F4.
1561 1964 1586 1989 G
1599 1965 1625 1990 2.
1649 1964 1678 1989 3.
1701 1965 1728 1992 4.
1751 1964 1797 1997 5a,

310 2011 384 2028 corr.
408 2011 424 2029 e
446 2004 470 2028 E
495 2005 529 2034 l?
550 2003 623 2027 deest
644 2002 671 2027 A
693 2001 732 2030 ·3.
794 2002 825 2034 n)
849 2003 921 2027 deest
944 2002 971 2028 G
993 2003 1027 2033 2;
1049 2003 1259 2034 Langobardis
1282 2011 1308 2028 v.
1333 2003 1448 2028 effectis
1472 2003 1496 2028 G
1521 2004 1544 2028 1.
1567 2003 1594 2028 3.
1656 2002 1686 2035 0)
1699 2006 1799 2028 tantas

311 2043 342 2067 in
366 2042 442 2074 Gep.
465 2043 541 2067 iram
563 2043 720 2067 venientes
743 2043 765 2066 F
790 2044 823 2073 1;
845 2044 874 2067 et
895 2044 915 2067 t.
939 2042 971 2066 in
995 2041 1028 2068 G.
1054 2043 1099 2066 ira
1121 2043 1277 2068 sevierunt
1298 2043 1325 2067 D
1349 2043 1375 2068 2.
1400 2042 1425 2068 G
1447 2044 1474 2068 4.
1567 2041 1598 2074 p)
1621 2043 1694 2067 deese
1717 2042 1743 2067 G
1765 2042 1798 2073 3;

311 2089 340 2106 u.
363 2082 400 2106 ad
423 2082 442 2106 i.
465 2080 487 2107 C
511 2083 535 2106 1.
560 2081 586 2106 D
609 2081 636 2114 3,
659 2081 719 2106 alii.
801 2081 831 2113 q)
854 2081 1081 2106 multitudinem
1104 2080 1130 2106 G
1154 2082 1178 2106 3.
1271 2081 1297 2114 r)
1321 2083 1495 2113 superasset
1516 2081 1538 2105 F
1563 2082 1588 2105 l.
1613 2080 1639 2106 G
1662 2082 1687 2105 1.
1713 2082 1738 2106 2.
1763 2081 1799 2111 3;

311 2123 471 2152 superaret
494 2120 519 2145 G
540 2121 567 2144 4.
659 2119 684 2152 s)
705 2120 816 2145 occidit
839 2135 873 2139 —
895 2120 1060 2145 bibendum
1092 2120 1147 2145 cles.
1172 2121 1197 2144 G
1219 2118 1259 2147 ·5.
1360 2120 1382 2153 t)
1404 2120 1468 2145 filia
1490 2121 1514 2144 F
1537 2121 1561 2144 1.
1654 2118 1685 2151 u)
1708 2120 1800 2145 Rose-

313 2160 455 2185 mundam
477 2160 555 2184 codd.
580 2158 612 2185 C.
636 2160 663 2184 D
685 2160 809 2191 saepius,
833 2158 859 2183 G
880 2166 1110 2190 nonnumquam;
1133 2159 1365 2184 Rosilmundam
1388 2158 1410 2184 C
1424 2160 1449 2184 2.
1532 2159 1562 2193 v)
1586 2158 1704 2193 diverse
1728 2158 1800 2190 0123

314 2199 441 2223 diversis
463 2198 485 2224 C
508 2199 524 2224 3
547 2201 570 2223 et
594 2198 620 2223 G
644 2200 668 2224 1.
693 2199 718 2229 3,
740 2199 788 2222 ubi
811 2200 839 2223 et
860 2198 931 2222 deest
955 2197 995 2231 (G
1018 2198 1033 2222 3
1052 2201 1119 2229 pose
1141 2197 1230 2231 add).
1312 2197 1351 2230 w)
1375 2205 1466 2229 quam
1493 2211 1520 2216 —
1548 2198 1635 2223 duxit
1656 2198 1713 2223 des.
1728 2198 1794 2223 H4.

313 2236 345 2269 x)
369 2237 586 2263 Chlosuindam
608 2239 632 2263 B
647 2239 672 2262 1.
735 2236 765 2269 y)
788 2237 992 2268 pernitionem
1014 2237 1037 2261 F
1052 2238 1077 2262 l.
1103 2236 1128 2261 G
1143 2238 1166 2263 1.
1180 2238 1205 2262 2.
1221 2237 1246 2263 3.
1330 2236 1358 2270 z)
1381 2240 1465 2262 tanta
1486 2237 1510 2261 F
1526 2238 1551 2263 1.
1614 2235 1644 2269 a)
1657 2237 1748 2262 etiam
1762 2236 1797 2262 G.

317 2341 351 2382 1)
391 2340 448 2372 Ex
481 2340 679 2373 fllenandro
714 2339 836 2383 Legat.
869 2351 906 2382 p.
940 2341 1009 2371 303
1046 2351 1096 2382 sq.
1131 2340 1202 2379 (ed.
1236 2340 1369 2381 Bona.)
1407 2345 1566 2382 apparet,
1601 2338 1793 2372 Albuz'num

308 2389 426 2432 potius
463 2389 585 2421 bellum
614 2399 846 2430 provoca3385
881 2394 911 2421 et
943 2389 972 2420 si
993 2389 1086 2430 fides
1119 2389 1383 2431 Tkeophylaeto,
1411 2389 1504 2421 Hist.
1541 2387 1601 2429 VI,
1632 2389 1687 2427 10,
1715 2387 1793 2421 belli

314 2449 423 2470 causa
438 2437 517 2480 fuit
544 2437 770 2470 Rosemunda
797 2437 839 2468 ab
865 2436 1016 2470 Albuino
1043 2443 1151 2479 rapta
1180 2437 1287 2477 (idem
1310 2436 1404 2481 Oriy.
1424 2437 1549 2470 verba:
1578 2447 1668 2480 quae
1691 2446 1791 2480 prae-

316 2487 461 2519 daverat
492 2486 650 2518 indicare
678 2486 872 2527 videntur).
924 2485 994 2519 Sed
1020 2485 1157 2519 Paulus
1184 2487 1254 2519 duo
1283 2486 1372 2518 bella
1397 2484 1435 2518 in
1461 2497 1570 2518 unum
1596 2484 1794 2527 confmzdit.

314 2533 487 2567 Albuinus
523 2535 613 2568 enim
641 2534 758 2576 primo
788 2533 1048 2567 szimzmdum
1075 2534 1156 2567 vicit
1164 2547 1176 2574 ;
1209 2540 1290 2567 tunc
1315 2533 1454 2567 Ju3t2‘no
1483 2533 1627 2576 Gepidis
1654 2533 1793 2565 auxilia

308 2588 561 2625 praeparante,
596 2583 770 2615 Albuinus
790 2594 917 2624 pacem
943 2583 1065 2616 obtulit
1094 2588 1125 2616 et
1156 2583 1415 2616 matrimonium
1450 2593 1525 2615 cum
1552 2581 1790 2619 Rosimzmda;

305 2630 461 2672 frustra,
502 2630 745 2663 &unimundus
785 2631 910 2664 bellum
953 2631 1145 2672 renovavit,
1186 2643 1252 2674 quo
1291 2631 1422 2664 occisus
1462 2636 1569 2664 esta.
1598 2630 1680 2662 567.
1733 2630 1793 2663 Ita

321 2677 608 2720 Theophylactus.
677 2679 855 2712 Johannes
882 2680 1110 2713 Biclariensis
1143 2680 1246 2722 falso
1286 2691 1417 2712 annum
1461 2680 1543 2712 571.
1569 2679 1683 2712 habet.
1713 2679 1789 2711 ΒΕ.

317 2725 355 2769 2)
382 2726 440 2759 Ita
467 2728 568 2759 etiam
596 2727 795 2761 fllencmder
821 2728 842 2760 l.
871 2728 893 2760 l.
994 2726 1032 2769 3)
1059 2728 1159 2761 Haec
1185 2739 1227 2761 ex
1259 2727 1355 2772 Oriy.
