1852 3141
168 1227 177 1238 ⁸
207 1231 275 1256 .24.

302 165 342 196 16
605 163 747 195 PAULI
777 163 1005 195 HISTORIA
1032 163 1472 197 LANGOBARDORUM.

404 276 520 316 Tunc
551 272 716 329 placida
747 274 909 313 eunctis
940 273 1028 312 vita
1058 272 1328 328 studiumque
1358 283 1562 317 maneret:

405 330 551 371 Omnia
581 327 754 382 sophiae
785 327 962 381 caepisti
995 325 1178 367 culmina
1209 342 1362 381 sacrae,

405 387 517 439 Rege
548 390 743 424 monente
773 383 843 436 pio
874 381 1057 434 Ratehis,
1094 389 1311 437 penetrare
1340 384 1546 427 decenter.

404 438 584 482 Plurima
614 445 827 493 captasses
859 437 984 492 digne
1016 451 1114 478 cum
1145 437 1342 491 dogmata
1373 441 1505 493 cuius,

405 492 689 548 Resplendens
719 499 892 534 cunctos
923 494 1085 548 superis
1117 500 1162 534 ut
1189 492 1359 535 Foebus
1390 495 1443 536 ab
1475 498 1616 538 astris:

401 551 566 591 Arctoas
595 547 720 589 rutilo
752 548 958 589 decorasti
989 548 1145 590 lumine
1174 555 1333 603 gentes.

403 605 515 646 Etsia
546 605 630 644 iam
659 605 837 644 nimium
868 603 986 645 fluidi
1017 619 1113 645 cum
1143 603 1277 659 gloria
1311 604 1436 646 saecli

402 659 628 714 Condignis
658 659 809 701 ditaret
841 674 970 700 ovans
1002 666 1041 700 te
1072 659 1215 701 sedule
1245 661 1382 713 gazis:

402 717 522 757 Lucis
554 715 606 756 ob
637 722 830 756 aeternae
860 717 990 756 vitam
1023 716 1110 756 sine
1141 716 1222 757 fine
1252 715 1418 758 beatam

401 771 605 813 Audacter
635 771 825 826 sprevisti
857 771 982 811 liuius
1011 771 1187 812 devotus
1216 771 1407 824 honores,

404 827 528 881 Regis
560 833 600 867 et
628 827 806 866 inmensi
837 826 967 867 fretus
998 827 1153 881 pictate
1183 827 1390 882 polorum,

401 882 590 923 Vcrnanti
620 882 701 921 huc
734 881 903 921 domino
935 883 1169 936 properasti
1200 889 1370 936 pectore
1402 881 1567 924 Christo

402 937 581 979 Subdita
612 936 716 978 colla
749 936 847 978 dare
878 937 1123 978 Benedictib
1154 937 1209 978 ad
1238 944 1356 992 septa
1386 937 1519 989 beati,

401 992 611 1046 Exemplis
641 1007 741 1032 mox
773 1000 911 1033 comta
939 994 1048 1034 tuisc
1080 993 1152 1034 ubi
1184 995 1321 1034 contio
1352 1007 1468 1034 sacra

400 1050 506 1091 'rum
536 1048 660 1088 iubar
690 1055 735 1089 ut
764 1047 927 1102 fulgens
959 1049 1096 1103 caepit
1124 1049 1287 1090 radiare
1319 1049 1518 1089 coruscis.

402 1105 445 1145 ln
476 1110 515 1144 te
544 1117 642 1143 nam
672 1104 806 1158 pietas
837 1104 1001 1159 iugiter,
1034 1103 1202 1145 dileetio
1233 1104 1381 1155 duleis,

402 1161 622 1201 Nectareus
654 1166 693 1200 et
724 1160 840 1213 pacis
870 1174 999 1212 amor,
1030 1160 1230 1214 patientia
1260 1161 1424 1213 victrix,

378 1213 657 1269 *Simplicitas
687 1214 830 1255 sollers
860 1215 1049 1268 nimium,
1082 1215 1305 1256 concordia
1336 1229 1511 1266 sumina,

402 1271 531 1312 0111110
562 1269 769 1325 simulque
799 1271 959 1311 bonum
989 1285 1166 1326 semper,
1197 1271 1447 1322 venerande,
1478 1269 1686 1311 manebat.

402 1327 514 1367 Nunc
544 1325 638 1366 ideo
671 1325 774 1366 caeli
804 1333 843 1366 te
873 1341 1064 1380 gemmea
1095 1340 1224 1381 regna
1254 1334 1482 1378 retentant,

402 1381 619 1423 Sideream
650 1381 804 1421 retines
834 1382 990 1435 pariter
1018 1396 1094 1436 per
1124 1380 1259 1422 saecla
1291 1396 1500 1422 coronam.

402 1484 496 1524 Hoc
525 1483 615 1536 tibi,
646 1498 774 1538 posco
806 1498 935 1536 sacer,
966 1492 1133 1539 gratum
1163 1485 1216 1524 sit
1246 1498 1416 1525 carmen
1445 1485 1625 1536 honoris,

457 1538 620 1580 Hildric
651 1554 701 1579 en
733 1539 865 1580 cecini
897 1539 1011 1594 quod
1041 1539 1300 1581 lacrimando
1330 1548 1439 1581 tuus.

404 1595 541 1646 Quem
570 1595 761 1650 requiem
793 1601 961 1649 captare
992 1595 1074 1636 tuis
1104 1595 1184 1647 fac,
1216 1610 1358 1650 ques0,
1390 1610 1617 1650 perennem

458 1650 642 1691 Sacratis
672 1651 884 1705 precibus,
916 1665 1081 1705 semper
1110 1650 1288 1692 amande
1317 1651 1454 1705 pater!

375 1766 557 1807 Saeculo
571 1767 617 1806 X.
632 1765 1111 1820 verofccmccpopulccrz's
1124 1772 1160 1806 et
1169 1765 1584 1819 sco-iptorisfccbulas
1596 1766 1771 1807 vendere

292 1823 444 1876 cupidi
459 1822 608 1863 levitas
621 1822 670 1862 de
682 1820 832 1872 Paulo,
850 1823 943 1862 viro
964 1823 1007 1861 in
1022 1821 1153 1861 Italico
1166 1820 1372 1875 ‘inferiore'
1388 1820 1664 1872 celeberrimo,
1681 1827 1769 1861 trct-

291 1878 496 1919 cliclerzmt
509 1885 517 1905 ¹
531 1909 542 1929 ,
575 1892 683 1932 quae
716 1892 739 1916 a
776 1892 868 1916 vero
893 1876 1029 1931 plane
1061 1877 1310 1929 abhorrere,
1336 1878 1481 1931 primo
1512 1892 1627 1918 1111110
1650 1883 1772 1930 patet

294 1939 480 1987 aspectu,
499 1947 608 1986 quae
625 1939 761 1973 tamen
783 1932 864 1973 aliz·
880 1934 972 1987 ejus
989 1933 1181 1986 messionis
1196 1939 1402 1984 auctores,
1420 1933 1501 1973 Leo
1520 1932 1727 1973 Ostiensis
1742 1939 1770 1984 ²,

292 2052 321 2083 a)
344 2053 386 2077 Ec
408 2053 454 2077 ¹<in
476 2060 498 2078 c.
559 2052 736 2085 11)]’01-[11950
758 2052 917 2082 lessemlum:
941 2052 978 2076 ad
998 2052 1167 2077 Benedicti.
1252 2051 1278 2083 c)
1302 2052 1342 2076 ita
1365 2051 1423 2083 ecZ.,·
1445 2052 1559 2076 evanui(
1582 2059 1634 2076 roz
1656 2052 1683 2076 1'72
1707 2052 1766 2078 cocl.

295 2150 329 2193 1)
359 2149 483 2183 C'lzron.
512 2150 650 2183 Salem.
679 2163 705 2183 c.
727 2152 758 2191 9,
786 2150 850 2183 SS.
879 2151 954 2191 ΙΙΙ,
976 2163 1015 2193 p.
1036 2152 1127 2189 476;
1155 2152 1212 2184 36.
1241 2153 1298 2191 37,
1323 2163 1359 2192 p.
1380 2151 1460 2183 488.
1587 2150 1625 2193 2)
1653 2151 1684 2191 I,
1715 2153 1769 2193 15,

292 2197 356 2232 SS.
384 2199 467 2239 ῙἾῙ,
488 2211 528 2241 p.
548 2200 628 2231 591.
681 2199 801 2239 Addit,
829 2199 980 2231 Paulum
1002 2199 1181 2232 Desiderll
1196 2200 1314 2242 fuls-se
1332 2199 1518 2240 notarium,
1546 2205 1575 2232 et
1602 2200 1643 2232 (ἷο
1662 2200 1770 2242 scrip-

293 2248 333 2279 tis
361 2248 431 2290 ejus
459 2249 542 2280 haee
560 2253 689 2280 monet:
718 2248 759 2279 In
787 2249 931 2280 historia
959 2249 1063 2280 etiam
1082 2249 1252 2287 Romana,
1281 2259 1383 2290 quam
1403 2249 1591 2290 Eutropius
1619 2249 1772 2281 breviter

293 2301 547 2338 composuerat,
576 2296 732 2328 eiusdem
751 2296 975 2338 Adelpergae
1003 2300 1127 2338 rogatu
1154 2297 1303 2338 plurima
1330 2297 1410 2328 hinc
1437 2297 1519 2328 inde
1547 2307 1589 2328 ex
1615 2297 1769 2329 historiis

293 2344 546 2377 ecelesiasticis
575 2344 723 2376 addidit.
774 2345 828 2376 Ad
855 2345 1014 2376 ultimum
1041 2356 1123 2376 vero
1145 2345 1230 2377 duos
1257 2345 1396 2377 libellos
1425 2355 1444 2375 a
1463 2349 1619 2388 tempore
1638 2345 1770 2377 Iuliani

293 2396 472 2435 apostate,
507 2394 542 2424 in
577 2404 680 2435 quem
708 2394 818 2435 ipsam
852 2394 1041 2435 hystoriam
1071 2394 1260 2435 Eutropius
1286 2394 1548 2433 terminaverat,
1583 2404 1693 2435 usque
1721 2393 1768 2425 ad

291 2445 448 2484 tempora
481 2443 583 2483 primi
610 2442 795 2474 Iustiniani
828 2443 1047 2484 imperatoris
1088 2442 1201 2473 eidem
1230 2443 1407 2474 annexuit.
1460 2443 1606 2474 Necnon
1632 2446 1667 2474 et
1693 2444 1767 2474 uni-

291 2500 410 2522 versas
437 2490 508 2522 fere
536 2490 672 2522 annalis
701 2491 853 2532 computi
881 2490 1113 2522 lectiunculas
1140 2491 1300 2522 rithmice
1329 2492 1596 2533 composuit....
1649 2491 1767 2523 Histo-

291 2539 377 2570 riam
397 2549 535 2580 quoque
562 2539 676 2580 gentis
695 2550 792 2580 suae,
819 2539 854 2570 id
882 2542 934 2571 est
952 2539 1276 2580 Langobardorum,
1305 2543 1338 2571 et
1364 2539 1531 2571 nonnulla
1549 2539 1620 2570 alia
1637 2540 1767 2581 scripta

292 2586 445 2627 eleganti
472 2587 551 2619 stilo
581 2588 787 2629 composuit.
839 2588 936 2619 Inter
962 2598 1051 2629 quae
1079 2598 1200 2620 versus
1228 2598 1366 2630 quoque
1388 2588 1588 2630 reciprocos
1608 2587 1766 2628 elegiaco

292 2638 400 2666 metro
429 2635 582 2676 digestos
611 2640 645 2667 et
679 2637 844 2677 hymnum
883 2636 925 2667 de
959 2635 1106 2677 singulis
1140 2636 1235 2667 beati
1261 2635 1448 2668 Benedicti
1474 2635 1653 2668 miraculis
1681 2636 1767 2667 satis

293 2682 423 2714 diserto
451 2693 609 2715 sermone
638 2685 857 2726 conscripsit.
909 2683 1097 2716 Praeterea
1123 2684 1165 2716 cle
1191 2683 1343 2716 carmine
1370 2695 1391 2715 α
1418 2683 1551 2715 Κανοῖο
1577 2682 1645 2724 ipsi
1666 2683 1767 2715 mis->³0

293 2729 408 2773 refert.
460 2730 585 2763 Petrus
615 2730 813 2764 Casinensis
839 2732 923 2763 haec
950 2732 998 2762 ita
1026 2732 1136 2771 auxit,
1165 2732 1219 2764 De
1237 2732 1302 2763 vir.
1330 2732 1380 2764 ill.
1402 2730 1476 2764 Cas.
1504 2743 1532 2764 c.
1552 2731 1572 2762 8
1602 2729 1671 2771 (ecl.
1693 2731 1765 2763 Fa-

292 2778 419 2811 bricius
439 2790 479 2820 p,
502 2778 607 2820 107).·
634 2779 765 2812 Paulus
792 2779 1030 2821 Aquileiensis
1056 2780 1261 2822 patriarchii
1288 2780 1456 2812 diaconus
1482 2781 1646 2822 regisque
1666 2780 1769 2812 Desi-
