1852 3141
291 77 437 110 PAULI
463 76 692 110 HISTORIA
717 76 1157 109 LANGOBARDORUM.
1210 77 1303 109 LIB.
1331 77 1392 109 1V.
1526 77 1590 108 153

115 189 280 244 Arigisa
318 189 361 229 in
396 188 489 230 loco
532 189 665 244 ipsius
709 202 734 228 a
772 202 870 243 rege
909 186 1122 243 Agilulfob
1159 189 1310 228 missus
1349 189 1592 240 successit13

116 245 188 300 qui
224 251 337 285 ortus
372 245 415 285 in
452 243 682 286 Foroiulii⁰
716 243 849 284 fuerat
889 251 929 285 et
976 242 1128 284 Gisulfi
1163 243 1433 284 Foroiulanid
1475 243 1593 284 ducis

115 300 221 341 filios
258 300 485 342 educarat²
521 300 769 355 eidemquee
802 298 968 340 Gisulfo
999 300 1334 353 consanguineus
1366 306 1465 340 erat.
1524 299 1593 340 Ad

114 356 225 397 hunc
264 356 406 410 Arigis
448 363 562 398 extat
602 354 780 411 epistula
824 354 937 396 beati
974 370 1110 410 papae
1153 355 1347 410 Gregorii
1394 356 1436 395 in
1482 355 1592 396 hunc

114 411 284 452 modum
316 411 521 453 directa32

228 468 290 508 19.
350 468 594 522 ‘Gregorius
626 467 784 521 Arogif
813 467 923 507 duci.
980 466 1091 517 Quia
1121 467 1180 507 sic
1211 466 1263 507 de
1294 466 1426 522 gloria
1455 473 1592 508 vestra
1608 477 1668 511 (20)

114 523 222 563 sicut
264 539 308 564 re
338 531 475 564 vera‘er
506 523 557 564 de
600 522 684 563 filio
732 528 873 563 nostro
910 522 1184 575 confidimus,
1214 530 1355 577 petere
1392 524 1440 563 ah
1472 523 1591 565 vobis

112 577 251 633 aliqua
272 578 519 620 fiducialiter
548 579 863 634 provocamur-5,
892 577 1155 631 arbitrantes,
1184 578 1294 633 quod
1317 579 1487 620 minime
1516 593 1593 619 nos

113 636 332 690 patiamini
344 636 363 661 ἲ(
395 635 643 687 contristari,
674 634 878 674 maximel
910 633 952 673 in
972 632 1045 674 tali
1075 648 1131 686 re,
1163 633 1273 674 unde
1295 641 1433 675 vestra
1454 635 1594 675 anima

113 689 290 731 multum
308 691 487 745 poteritm
504 690 703 731 adiuvari.
737 689 993 729 ‘Indicamus
1010 696 1163 741 autem,
1180 696 1351 744 propter
1367 689 1594 732 ecclesiasn
1610 694 1659 727 'p-
1685 695 1748 720 123·

111 746 330 787 beatorum
359 747 472 787 Petri
501 753 575 786 ac⁰
597 744 718 786 Pauli
748 745 1010 799 aliquantasv
1040 744 1161 786 nobis
1181 745 1321 786 trabes
1341 746 1595 787 necessarias

114 815 217 855 esse7
249 808 290 842 et
317 802 411 843 ideo
444 802 600 841 Savino
632 800 888 841 subdiacono
926 807 1068 841 nostro
1099 801 1381 853 iniunximus,
1422 801 1472 842 de
1504 816 1594 856 par-

114 857 226 898 tibus
256 857 529 898 Brittiorum‘I
560 856 795 911 aliquantas
834 855 1042 903 incidere,
1082 862 1123 897 et
1152 862 1198 897 ut
1227 871 1359 911 usque
1397 857 1450 898 ad
1480 871 1594 898 marc

114 913 156 952 in
191 912 330 954 locum
359 919 505 968 aptum
536 912 699 954 trahere
731 911 895 954 debeat.
954 912 1011 953 Et
1048 913 1145 967 quia
1173 912 1217 952 in
1246 912 1325 953 hac
1354 928 1398 954 re
1429 912 1594 953 solaciis

112 968 284 1024 indiget,
316 968 540 1009 salutantes
570 967 749 1022 gloriam
769 975 952 1009 vestram
973 974 1148 1023 paterna
1174 968 1369 1009 caritater
1399 969 1594 1024 petimus,

113 1031 157 1065 ut
196 1024 434 1065 actionariis
470 1025 619 1065 vestris
667 1025 762 1080 quiS
807 1025 850 1064 in
879 1023 977 1064 illot
1020 1023 1110 1064 loco
1147 1030 1243 1065 sunt
1282 1024 1513 1079 deputetis,
1550 1033 1597 1065 ut

111 1079 300 1120 homines
323 1080 395 1135 qui
417 1080 494 1121 sub
526 1080 585 1121 eis
623 1086 719 1121 sunt
750 1094 845 1121 cum
875 1080 1012 1122 bubus
1036 1080 1120 1120 suis
1151 1080 1195 1120 in
1211 1080 1298 1121 eius
1316 1081 1595 1122 transmittere

112 1134 306 1176 solatium
349 1134 578 1189 debeantu,
624 1142 829 1191 quatenus
873 1136 993 1177 vobis
1035 1135 1416 1177 concurrentibusv
1446 1135 1596 1177 melius

113 1191 226 1247 quod
256 1192 294 1233 ei
324 1192 583 1232 iniunximus
606 1192 738 1247 possit
767 1191 980 1247 perficere.
1038 1190 1125 1232 Nos
1158 1192 1268 1232 enim
1298 1192 1594 1246 promittimus,

114 1248 232 1303 quia,
286 1247 386 1288 dum
430 1262 496 1288 res
540 1248 726 1302 perfecta
768 1248 912 1299 fuerit,
961 1246 1137 1302 dignum
1180 1246 1302 1288 vobis
1348 1249 1594 1298 exeniumw,

113 1302 227 1358 quod
256 1317 340 1343 non
370 1303 422 1344 sit
440 1303 698 1356 iniuriosum,
730 1304 1103 1344 transmittemusx.
1160 1303 1270 1343 Nam
1301 1304 1456 1344 scimus
1485 1318 1561 1344 nos
1576 1311 1595 1338 Y

113 1357 376 1400 considerare
412 1365 452 1399 et
490 1358 586 1399 filiis
627 1360 801 1411 nostris,
843 1360 914 1414 qui
954 1359 1133 1400 bonamz
1174 1359 1295 1400 nobis
1337 1358 1595 1401 voluntatem

112 1413 349 1467 exliibent³‚
389 1413 658 1470 respondere.
718 1414 842 1456 Unde
878 1415 1031 1455 iterum
1071 1415 1263 1469 petimus,
1303 1414 1484 1470 gloriose
1524 1414 1595 1466 fili,

112 1476 158 1511 ut
195 1470 253 1511 ita
291 1469 429 1511 facere
465 1469 666 1523 debeatis,
711 1477 757 1511 ut
795 1477 835 1512 et
873 1485 948 1511 nos
982 1468 1102 1511 vobis
1139 1471 1349 1525 possimus
1388 1485 1478 1512 esse
1517 1485 1593 1526 pro

112 1526 312 1580 praestito
329 1526 533 1567 beneficio
551 1525 772 1578 debitores,
805 1533 846 1568 et
861 1540 935 1567 vos
962 1526 1224 1567 mercedemb
1256 1541 1331 1582 pro
1355 1533 1593 1568 sanctorum

113 1580 324 1623 ecclesiisc
354 1581 569 1623 habeatis’.

222 1637 316 1678 20.(1
383 1637 463 1678 His
502 1636 651 1678 diebus
696 1644 820 1693 capta
875 1643 936 1677 est
974 1637 1087 1677 filia⁴
1127 1638 1239 1693 regis
1283 1637 1458 1693 Agilulfi
1498 1648 1668 1684 cunm-21)

113 1767 142 1800 a)
166 1767 274 1799 Aregis
307 1770 330 1794 E
356 1770 389 1800 13
422 1769 540 1794 Arichis
567 1770 590 1794 B
616 1770 660 1794 la.
686 1770 710 1794 2.
733 1769 759 1794 3.
793 1771 819 1794 D
844 1769 902 1795 '3a.
926 1770 951 1794 3,
976 1770 999 1794 F
1023 1771 1048 1795 2.
1073 1771 1100 1797 3.
1123 1771 1150 1795 4.
1175 1771 1200 1795 5.
1235 1770 1260 1796 G
1284 1771 1310 1802 4,
1343 1774 1366 1795 et
1400 1771 1478 1802 infra
1512 1771 1537 1795 A
1561 1773 1594 1802 23

111 1807 213 1838 Arigis
236 1809 283 1833 vel
318 1808 380 1833 chis
402 1809 428 1833 D
452 1809 476 1834 3.
567 1807 597 1840 b)
621 1808 745 1833 Aidulfo
769 1809 790 1835 C
814 1808 853 1834 ⁸1.
944 1808 970 1841 c)
994 1810 1105 1834 Forum
1137 1810 1205 1834 iulii
1227 1809 1252 1834 A
1275 1810 1301 1835 3.
1392 1809 1422 1842 d)
1446 1811 1484 1834 ica
1507 1812 1532 1835 A
1555 1809 1594 1836 ⁰3.

114 1846 135 1873 C
158 1845 197 1872 'l.
222 1848 248 1871 D
272 1847 300 1872 3.
334 1847 360 1872 G
383 1848 408 1879 2,
440 1848 505 1878 αἰίί;
538 1848 724 1872 Foroiulano
747 1848 772 1873 A
796 1850 829 1880 23
863 1848 895 1880 cf.
922 1856 1012 1879 supra
1030 1856 1061 1880 p.
1088 1850 1122 1874 90
1146 1857 1173 1873 n.
1198 1857 1225 1875 n.
1327 1848 1354 1881 e)
1379 1850 1538 1880 eidemque
1562 1864 1594 1868 —

113 1888 177 1912 erat
198 1887 252 1912 des,
274 1886 300 1910 A
324 1888 349 1912 2.
450 1887 473 1921 f)
496 1887 536 1911 ita
568 1888 592 1911 A
618 1888 643 1911 1.
667 1888 692 1912 2.
716 1889 742 1911 4.
765 1888 780 1912 5
813 1895 874 1912 cum
907 1887 1005 1919 Gre9.;
1037 1888 1131 1913 Arodi
1163 1896 1240 1914 corr.
1261 1888 1354 1919 Arogi
1377 1889 1399 1912 F
1424 1890 1455 1919 13
1486 1889 1595 1919 Arogis

113 1925 139 1950 A
162 1923 208 1956 ⁸23
241 1925 362 1956 Arogisi
384 1926 407 1950 Ε
433 1928 463 1957 1;
498 1926 628 1957 Arogiso
651 1925 677 1951 G
698 1927 730 1958 43
763 1926 849 1957 Arigi
873 1927 894 1952 C
917 1927 955 1952 ·1.
982 1928 1006 1952 1.
1030 1928 1057 1952 D
1081 1927 1206 1961 (praeter
1227 1927 1268 1960 4).
1290 1928 1317 1952 H
1342 1930 1372 1958 13
1404 1928 1505 1958 Arigis
1528 1928 1541 1952 1
1569 1930 1596 1958 l;

113 1964 234 1995 Arigiso
267 1965 288 1990 C
311 1966 338 1991 2.
373 1964 398 1989 G
422 1966 506 1991 1-3,
531 1965 582 1996 5:15
614 1965 720 1990 Arichi
752 1967 775 1991 B
800 1967 844 1991 la.
870 1967 896 1991 2.
931 1967 952 1991 C
974 1966 1002 1992 4.
1034 1967 1057 1992 F
1080 1967 1115 1997 5;
1147 1966 1239 1991 Archi
1262 1967 1274 1991 I
1298 1967 1330 1997 33
1362 1967 1501 1992 Arichiso
1525 1967 1547 1991 F
1569 1967 1597 1991 4.

114 2002 143 2036 g)
167 2010 270 2028 veram
306 2003 330 2029 G
354 2005 380 2029 1.
481 2003 510 2036 h)
536 2012 559 2029 c.
583 2008 723 2036 preterea
753 2013 780 2030 v.
804 2004 830 2029 A
855 2006 879 2032 1.
902 2006 929 2030 D
954 2006 978 2031 1.
1001 2006 1013 2030 Ι
1038 2008 1069 2037 1;
1102 2014 1126 2031 c.
1159 2009 1321 2038 propterea
1353 2014 1380 2032 v.
1414 2008 1435 2032 C
1460 2009 1485 2032 1.
1510 2008 1536 2032 2.
1563 2021 1595 2025 -

114 2043 201 2068 nobis
233 2044 255 2067 F
280 2044 303 2067 1.
340 2058 372 2061 —
405 2044 520 2075 aliquid
551 2043 577 2068 A
600 2046 626 2070 2.
728 2043 750 2077 i)
772 2051 973 2076 provocamus
1004 2045 1030 2069 D
1055 2047 1080 2071 1.
1114 2045 1127 2070 I
1153 2047 1177 2071 1.
1279 2044 1310 2077 k)
1334 2046 1489 2076 paciamus
1524 2045 1547 2069 F
1572 2047 1595 2070 1.

114 2081 136 2114 1)
160 2082 291 2107 maxime
326 2097 356 2100 —
391 2083 529 2107 adiuvari
552 2083 607 2108 des,
631 2084 655 2108 Ε
679 2084 705 2108 1.
807 2083 847 2115 m)
870 2085 1003 2115 potuerit
1036 2084 1061 2109 G
1085 2086 1109 2109 1.
1134 2085 1158 2109 3.
1182 2085 1209 2109 4.
1311 2084 1342 2116 n)
1366 2084 1496 2109 ecclesia
1518 2085 1540 2108 F
1565 2086 1596 2115 13

115 2121 276 2145 ecclesiam
298 2122 330 2145 F.
354 2122 381 2145 4.
404 2122 439 2147 G.
543 2122 571 2154 o)
595 2125 624 2146 et
647 2122 668 2147 C
693 2123 717 2146 1.
740 2123 766 2147 D
791 2124 815 2147 2.
842 2123 867 2148 3.
969 2122 1000 2155 p)
1024 2124 1183 2154 aliquanta
1205 2124 1226 2147 F
1252 2125 1276 2149 1.
1377 2123 1407 2155 (ι)
1430 2124 1596 2148 Brittorum

115 2158 141 2183 A
164 2160 196 2190 33
218 2160 384 2184 Britiorum
405 2161 447 2184 rel
467 2161 637 2185 Briciorum
661 2161 684 2185 B
709 2162 734 2187 2.
759 2161 781 2186 C
806 2163 830 2187 l.
854 2162 880 2186 D
906 2163 930 2188 l.
957 2163 981 2188 2.
1005 2163 1030 2188 3.
1054 2163 1077 2187 F
1100 2164 1132 2193 23
1154 2163 1346 2187 Brinciorum
1371 2163 1396 2188 G
1420 2164 1446 2188 3.
1469 2163 1505 2193 43
1526 2163 1597 2187 Bra-

117 2198 232 2222 ciorum
254 2199 277 2222 B
302 2200 353 2229 1:25
374 2200 549 2224 Bruticrum
572 2200 654 2231 (ἶνες.
737 2204 760 2232 r)
785 2202 942 2227 caritatem
964 2201 987 2225 F
1002 2203 1027 2227 1.
1109 2201 1134 2234 s)
1153 2205 1218 2233 post
1239 2202 1332 2233 suppl.
1355 2202 1377 2226 F
1392 2204 1417 2227 1.
1480 2201 1501 2233 t)
1525 2202 1596 2226 deese

118 2236 139 2262 C
164 2237 189 2262 1.
212 2236 238 2261 D
254 2239 266 2261 l
292 2237 365 2270 (post
385 2237 500 2270 suppl),
523 2239 558 2269 33
580 2239 673 2263 illoco
695 2239 718 2263 F
732 2241 758 2264 1.
820 2240 850 2270 u)
874 2240 1010 2265 debeatis
1032 2239 1057 2265 G
1074 2242 1164 2271 l—-43
1186 2241 1316 2265 iubeatis
1339 2240 1364 2266 G
1387 2241 1431 2266 50.
1492 2240 1521 2272 v)
1535 2248 1598 2265 suc-

118 2275 308 2300 currentibus
330 2276 355 2300 A
380 2278 405 2301 2.
486 2276 524 2310 w)
548 2278 670 2302 xenium
693 2277 719 2302 A
742 2279 767 2302 2.
791 2278 817 2303 3.
841 2279 866 2303 D
892 2280 904 2303 1
929 2286 941 2303 e
963 2287 1036 2305 corr.
1062 2278 1122 2304 ¹322.
1146 2279 1171 2305 G
1195 2280 1240 2305 5³.
1255 2287 1279 2304 c.
1302 2280 1326 2304 L
1341 2282 1364 2305 1.
1448 2278 1479 2311 x)
1502 2284 1595 2304 trans-

119 2315 266 2339 mittimus
288 2315 313 2340 A
338 2315 364 2340 3.
389 2316 414 2340 6.
437 2316 461 2340 Β
486 2317 510 2342 2.
535 2315 559 2341 G
584 2317 608 2341 3.
633 2317 660 2341 4.
685 2316 697 2341 1
721 2317 753 2347 33
776 2318 1017 2342 transmittamus
1040 2318 1061 2343 C
1085 2320 1111 2343 2.
1174 2318 1205 2350 y)
1228 2319 1298 2343 deest
1320 2318 1345 2343 A
1369 2319 1395 2344 2.
1467 2317 1493 2350 z)
1516 2319 1597 2343 bona

117 2361 148 2379 n.
170 2353 325 2378 voluntate
349 2353 373 2378 G
397 2355 422 2379 3.
504 2354 532 2387 a)
557 2355 719 2380 debeamus
738 2359 802 2386 post
824 2357 888 2381 add.
912 2357 938 2381 D
964 2359 988 2389 1,
1011 2360 1033 2381 ec
1055 2357 1095 2382 ita
1116 2357 1167 2381 alii
1188 2358 1225 2382 D.
1308 2356 1338 2390 b)
1362 2358 1501 2383 mercede
1525 2357 1546 2381 F
1572 2359 1596 2381 l.

120 2391 147 2425 c)
172 2392 320 2418 ecclesias
345 2392 370 2419 G
394 2394 420 2419 3.
443 2394 471 2418 4.
555 2393 584 2426 d)
607 2395 656 2419 hoc
677 2401 738 2425 cap.
763 2402 814 2422 om.
837 2395 862 2420 A
886 2393 925 2420 ’4,

122 2509 158 2551 1)
191 2509 337 2551 Tempus
365 2520 401 2541 eo
422 2515 532 2551 patet,
560 2510 652 2552 quod
678 2510 714 2542 in
735 2510 894 2554 Greyorii
913 2511 962 2543 JJ.
988 2512 1085 2553 epist.
1114 2511 1166 2552 II,
1194 2512 1251 2551 46,
1275 2512 1361 2544 (lata
1379 2511 1450 2543 Jul.
1479 2510 1596 2544 indict.

123 2559 178 2599 10,
209 2558 285 2600 jam
325 2558 398 2590 dux
438 2564 590 2590 vocatur.
645 2560 717 2592 BE.
819 2559 856 2594 2)
884 2559 929 2591 Id
967 2560 1059 2602 quod
1100 2560 1135 2592 ἱιι
1174 2560 1317 2592 dubium
1347 2560 1479 2592 vocavit
1506 2560 1595 2599 fiseo,

121 2607 253 2639 Annali
279 2607 308 2647 I,
330 2619 368 2649 1).
401 2607 465 2638 146
489 2618 559 2649 sqq.
588 2608 661 2639 BE.
763 2606 800 2647 3)
828 2608 913 2651 Rey.
942 2608 1029 2648 XII,
1052 2609 1106 2641 21.
1207 2607 1245 2647 4)
1271 2609 1369 2641 Ilaec
1397 2620 1463 2641 ηοη
1485 2615 1597 2650 potest

119 2666 190 2688 esse
206 2655 288 2698 filia
321 2654 590 2696 Theudelindue,
617 2656 660 2688 de
685 2667 756 2698 qua
779 2656 880 2699 Oriqqo
907 2656 1038 2701 Lany.:
1068 2659 1190 2700 genuit
1216 2658 1339 2700 Aequo
1368 2657 1410 2689 de
1437 2657 1597 2691 Theode-

119 2703 217 2736 linda
243 2704 350 2744 filiam
378 2705 516 2736 nomine
545 2705 782 2748 Gunpergam.
836 2706 908 2738 BE.
