1852 3141
317 95 361 126 82
511 91 656 124 PAULI
684 90 914 123 HISTORIA
942 90 1384 123 LANGOBARDORUM.
1437 90 1531 122 LIB.
1560 90 1609 123 11.

192 206 383 249 ’p.71.‘2.
444 202 667 255 Quomodo
697 201 842 241 Nax-sis
873 199 1189 241 Buccellinuma
1220 207 1261 241 et
1280 201 1512 255 Amingum
1542 203 1804 243 Francorum

443 258 597 300 ducesb
639 256 870 311 superavit,
912 262 952 295 ct
989 254 1040 296 dc
1069 262 1201 296 morte
1231 254 1473 298 Leuthariic
1504 258 1621 300 tercii
1652 257 1784 298 ducis.

344 316 383 357 3.
443 312 666 366 Quomodo
709 311 854 351 Narsis
900 309 1135 351 Sindualdd
1182 311 1438 354 I‘Ierulorum
1483 313 1675 368 regulum
1726 314 1804 355 sibi

440 367 736 410 rebellantem⁰
768 367 962 408 extinxit.

343 427 382 467 4.
442 425 509 465 Dc
541 424 670 478 signis
701 421 965 477 pestilentiae
995 428 1036 463 et
1065 421 1316 464 mortalitate
1347 438 1454 479 quae
1483 430 1670 480 tempore
1701 426 1805 466 Nar-

442 479 567 520 setisf
597 477 762 519 Italiam
793 479 986 519 vastavit.

344 536 384 577 ὃ.
443 536 511 576 De
543 534 703 576 invidia
732 534 1020 575 Romanorum
1063 533 1268 576 adversus
1313 534 1551 588 Narsetcm,
1593 544 1663 577 etg
1704 551 1805 592 quo-

444 591 570 632 modo
603 605 697 632 eum
735 597 1041 631 accusaverunt
1070 590 1184 645 apud
1214 591 1522 645 imperatorem,
1558 598 1598 633 et
1629 594 1807 648 qualiter

443 648 534 702 ipse
548 647 695 688 Nau-sis
716 645 1018 701 Langobardos
1033 646 1086 686 ad
1103 645 1268 687 ,Italiam
1285 646 1583 701 possidendam
1601 648 1805 689 invitavit.

447 702 672 755 Quomodo
685 703 702 728 ¹¹
734 701 890 743 Alboin
922 702 1112 743 Saxones
1142 702 1196 742 ad
1226 717 1349 742 suum
1380 702 1585 743 auxilium
1615 703 1805 745 adscivit.

443 757 653 812 Qualiteri
683 756 839 798 Alboin
882 772 977 798 eum
1021 757 1326 813 Langobar-dis,
1368 758 1515 800 relicta
1543 760 1808 812 Pannoniak,

443 815 497 856 ad
528 813 693 856 Italiam
721 814 849 854 venit.

447 870 672 923 Quomodo
695 868 850 911 Alboin
871 868 923 910 ad
944 868 1090 910 Italiae
1121 869 1224 910 fines
1246 870 1432 922 veniens,
1463 878 1647 913 montem
1679 871 1808 926 Regis

445 925 648 977 ascendit,
680 932 721 966 et
751 925 801 966 de
833 924 1088 966 bisontibus¹
1119 925 1230 966 feris.

347 984 386 1025 9.
446 981 671 1035 Quomodo
693 980 848 1022 Alboin
868 980 908 1020 V
911 982 1141 1022 enetiarum
1159 982 1262 1022 fines
1280 981 1505 1036 ingressus,
1522 982 1603 1022 inm
1620 981 1808 1023 Foroiuli

446 1037 663 1080 Gisulfum
694 1051 815 1078 suum
845 1045 1041 1092 nepotem
1072 1037 1223 1079 ducem
1254 1038 1481 1078 constituit.

321 1095 385 1136 10.
446 1095 531 1146 Qui
560 1108 682 1148 reges
703 1107 751 1134 eo
773 1099 960 1148 tempore
981 1093 1155 1134 Francis
1190 1092 1468 1148 imperabant,
1500 1099 1540 1134 ct
1560 1093 1644 1135 den
1674 1094 1807 1135 Bene-

445 1150 558 1191 dicto
590 1163 702 1204 papa
747 1149 912 1204 deque⁰
944 1148 1074 1189 Paulo
1106 1148 1367 1204 Aquileiensi
1398 1149 1651 1204 patriarcha.

320 1207 385 1246 11.
444 1205 512 1246 De
541 1211 676 1246 morte
706 1204 906 1246 Narsetis.

320 1261 384 1302 12.
444 1261 511 1302 De
541 1259 682 1301 Felice
713 1260 912 1315 episeopo
957 1258 1219 1313 Tarvisiano,
1265 1259 1507 1316 quomodop
1553 1259 1709 1302 Alboin
1752 1260 1807 1302 ad

443 1315 619 1358 Plabem
649 1315 825 1356 fluvium
856 1315 1049 1356 occurrit.

322 1373 385 1414 13.
444 1372 511 1413 De
540 1372 620 1413 hoc
651 1371 799 1412 eodem
829 1369 971 1412 Felice
1002 1377 1043 1412 et
1073 1371 1304 1412 Fortunato
1335 1371 1644 1427 sapientissimo
1675 1372 1778 1413 viro.

320 1429 385 1470 14.
445 1427 669 1480 Quomodo
699 1426 856 1468 Alboin
892 1427 1166 1468 Venetiarum
1204 1428 1452 1482 provincia‘l
1491 1428 1614 1483 cepit,
1655 1435 1720 1470 etr
1755 1427 1808 1470 de

442 1485 611 1525 nomine
640 1482 707 1524 vel
736 1482 892 1524 tinibus
923 1481 1111 1524 eiusdem
1141 1483 1355 1524 Venetiae.

320 1540 385 1581 15.
442 1540 510 1581 De
539 1539 739 1594 LiguriaS
772 1538 957 1580 secunda
985 1537 1130 1580 Italiae
1160 1539 1380 1594 provincia
1392 1542 1415 1592 ῑ,
1455 1545 1525 1582 et¹¹
1555 1539 1607 1581 de
1639 1539 1806 1581 duabus

443 1595 576 1638 Retiis
588 1604 620 1636 v·

321 1681 454 1713 obsessa,
474 1683 504 1706 et
526 1679 606 1711 quod
634 1679 722 1704 famis
752 1680 926 1704 universam
958 1679 1081 1703 Italiam
1111 1679 1325 1704 devastaverit.
1370 1679 1415 1704 27.
1438 1679 1495 1704 Hie
1522 1679 1639 1704 Albuin
1661 1678 1804 1703 'ricinum

319 1720 501 1751 ingreditur.
551 1719 594 1744 28.
616 1719 663 1743 De
696 1725 731 1744 eo
754 1719 834 1749 quod
861 1717 977 1742 Albuiu
1005 1717 1125 1742 insidiis
1154 1718 1360 1743 Rosimundae
1389 1725 1463 1744 suae
1493 1719 1632 1748 coniugis
1664 1718 1807 1744 Veronae

321 1760 360 1784 sit
380 1759 591 1789 interemptus.
657 1757 702 1784 29.
725 1757 811 1787 Quod
833 1757 992 1787 Helmigis,
1021 1758 1154 1782 extincto
1176 1756 1299 1789 Albuin,
1331 1764 1397 1782 cum
1419 1757 1608 1783 Rosimunda
1629 1757 1807 1782 Ravennam

321 1799 408 1830 fugit,
430 1798 482 1822 ubi
504 1797 562 1822 Dei
584 1796 696 1821 iudicio
718 1800 846 1827 uterque
877 1803 996 1821 veneno
1018 1803 1077 1821 uno
1107 1799 1261 1821 momento
1291 1797 1457 1828 perierunt.
1501 1797 1546 1821 30.
1570 1796 1627 1822 Ubi
1648 1796 1807 1827 Longinus

319 1837 491 1869 praefectus
513 1835 683 1860 Albsuinda
706 1835 920 1869 (Albsuindam
942 1836 969 1861 4.
992 1834 1031 1859 '5-
1054 1836 1090 1860 53.
1102 1839 1125 1860 ει
1147 1843 1160 1860 e
1181 1843 1255 1861 corr.
1280 1835 1318 1867 1),
1352 1835 1477 1861 Albuini
1499 1836 1580 1866 regis
1602 1835 1708 1867 filiam,
1732 1834 1808 1860 Con-

319 1875 549 1907 stantinopolim
571 1875 672 1901 mittit.
716 1875 763 1900 31.
786 1875 844 1900 Ubi
867 1874 940 1906 Clep
968 1874 1077 1907 (cleph
1099 1874 1140 1907 4),
1172 1874 1396 1899 nobilissimum
1419 1876 1451 1900 111
1482 1875 1556 1900 urbe
1584 1874 1805 1907 Ticinensium,

319 1914 514 1946 Langobardi
536 1914 594 1938 sibi
616 1921 718 1945 regem
740 1916 918 1939 statuerunt.
961 1913 1007 1938 32.
1031 1915 1077 1938 De
1106 1921 1141 1939 eo
1171 1914 1250 1944 quod
1279 1917 1397 1938 mortuo
1428 1914 1500 1946 Clep
1523 1913 1719 1944 Langobardi
1750 1920 1806 1945 per

320 1961 416 1980 annos
449 1953 552 1978 decem
585 1954 639 1978 sub
673 1953 798 1978 (lucibus
831 1953 963 1978 fuerunt.
1027 1952 1283 1986 (EXPLICIL'NT
1318 1953 1520 1980 CAPITULA
1550 1953 1619 1978 add.
1654 1954 1680 1978 1.
1715 1953 1744 1978 2.
1766 1951 1804 1985 4).

320 1994 344 2019 P
368 1995 405 2018 la
426 1993 531 2018 indices
553 1993 636 2024 hujus
657 1993 723 2017 libri
744 1993 784 2016 ita
806 1992 838 2017 (Ie
858 1999 910 2016 suo
925 1992 1028 2024 fini-ic:
1074 1994 1099 2017 1.
1122 1993 1168 2017 De
1190 1993 1305 2017 Narseo
1327 1993 1463 2024 patritio.
1513 1993 1539 2019 2.
1564 1992 1650 2022 Quod
1671 1992 1805 2017 Narseus

320 2033 497 2058 Bueilinum
519 2032 591 2056 vicit
614 2034 643 2057 et
664 2032 824 2058 interfecit.
869 2032 894 2057 3.
918 2032 995 2057 Item
1017 2031 1053 2057 de
1065 2032 1201 2056 Narsetis
1224 2031 1351 2057 actibus.
1394 2033 1420 2056 4.
1443 2032 1489 2057 De
1510 2034 1595 2063 peste
1617 2031 1806 2061 inguinaria.

320 2072 345 2097 5.
369 2071 456 2101 Quod
486 2071 616 2096 Romani
646 2071 804 2096 Narsetem
835 2074 1065 2096 accusaverunt.
1118 2071 1144 2096 6.
1168 2071 1253 2101 Quod
1275 2070 1388 2095 Alboin
1420 2078 1437 2095 a
1460 2071 1586 2095 Narsete
1618 2070 1651 2094 in
1680 2070 1803 2094 Italiam

320 2113 446 2136 vocatus
477 2110 516 2135 sit
536 2114 584 2136 etc.
627 2110 755 2142 Denique
783 2111 805 2134 F
829 2111 854 2135 2.
880 2109 906 2135 G
929 2110 944 2134 6
969 2110 1023 2136 ila:
1057 2110 1162 2134 Narsis
1195 2113 1384 2141 pugnaturus
1417 2117 1483 2134 cum
1517 2109 1623 2135 Gothis
1655 2109 1806 2133 auxilium

317 2150 433 2175 habens
444 2149 715 2180 Langobardorum
736 2149 831 2174 vincit
852 2148 970 2182 (deestF
984 2148 1022 2181 2).
1065 2149 1252 2174 Francorum
1274 2149 1362 2174 duces
1384 2149 1570 2173 Bucillinum
1592 2150 1622 2173 et
1641 2147 1808 2178 Amingum

320 2189 425 2214 Narsis
447 2191 579 2219 superat.
621 2189 726 2214 Narsis
749 2187 899 2213 Sinduald
931 2188 1130 2213 rebellantem
1153 2188 1264 2212 oceidit
1286 2192 1315 2213 et
1335 2188 1457 2212 Italiam
1489 2190 1583 2212 totam
1615 2187 1757 2217 subiugat
1779 2189 1807 2212 et

320 2228 416 2253 iustus
439 2227 621 2252 describitur
643 2227 685 2261 (et
709 2243 742 2246 —
773 2227 954 2252 describitur
983 2227 1039 2252 cles.
1063 2228 1085 2251 F
1109 2226 1150 2258 2).
1189 2228 1254 2252 Hoc
1285 2230 1420 2259 tempore
1451 2227 1631 2258 gravissima
1659 2226 1752 2258 pestis
1774 2226 1806 2250 in

320 2267 448 2298 Liguria
470 2268 536 2291 orta
556 2269 601 2292 est
622 2269 670 2292 etc.
750 2265 781 2298 p)
804 2267 844 2291 ita
865 2267 892 2291 D
917 2268 943 2293 1.
963 2267 987 2292 Ε
1012 2268 1044 2297 1;
1068 2267 1173 2291 cartol.
1196 2266 1223 2290 A
1245 2266 1290 2297 ¹33
1314 2267 1442 2293 chartul.
1465 2266 1532 2296 alii3
1554 2265 1590 2297 cf.
1611 2273 1641 2297 p.
1666 2266 1702 2290 84
1723 2272 1752 2290 π.
1775 2271 1803 2296 g.

322 2316 351 2349 a)
373 2317 492 2343 Bucell.
514 2317 541 2342 A
564 2319 588 2343 l.
613 2318 639 2342 D
663 2318 689 2349 2,
711 2318 776 2348 ali&
806 2318 1015 2342 Buccillinum
1046 2317 1067 2343 C
1092 2319 1117 2344 1.
1141 2318 1167 2342 D
1193 2319 1217 2350 1,
1248 2318 1308 2343 alii.
1399 2317 1429 2349 b)
1452 2318 1524 2342 deest
1547 2317 1568 2342 C
1592 2319 1617 2342 1.
1639 2317 1666 2341 D
1690 2317 1704 2340 1
1729 2316 1805 2350 (post

321 2355 439 2389 suppl).
462 2356 477 2381 I
501 2358 526 2382 1.
619 2356 646 2389 (·)
668 2357 825 2382 Leutherii
848 2356 881 2382 C.
905 2358 942 2382 D.
964 2358 993 2382 Η
1017 2358 1049 2388 1;
1079 2357 1237 2382 Lautharii
1259 2357 1282 2381 E
1306 2358 1339 2387 13
1372 2357 1511 2382 Loutarii
1531 2357 1556 2381 A
1579 2357 1606 2382 5.
1689 2353 1718 2387 d)
1742 2354 1808 2380 Sin-

322 2396 468 2421 dualdum
498 2396 525 2420 D
549 2396 574 2428 2,
605 2396 665 2422 αῖῖί.
769 2395 796 2427 8)
820 2396 1002 2422 rebellatum
1034 2396 1235 2422 rebellantem
1263 2397 1286 2421 B
1312 2398 1337 2421 l.
1438 2395 1461 2428 f)
1483 2395 1616 2420 Nascitis
1646 2395 1705 2420 Pal.
1738 2394 1803 2419 Ass.

323 2434 352 2467 g)
377 2437 406 2460 et
430 2449 463 2453 —
494 2435 636 2460 invitavit
657 2435 712 2460 ‹le-9.
738 2435 769 2461 C.
791 2436 826 2461 D.
850 2436 877 2460 H
900 2437 927 2460 1.
951 2436 965 2460 I
989 2437 1013 2461 1.
1114 2434 1146 2467 11)
1170 2435 1310 2466 Qualiter
1332 2434 1354 2460 C
1377 2436 1402 2460 1.
1426 2435 1453 2460 D
1477 2436 1511 2466 1;
1538 2435 1588 2460 hoc
1609 2436 1805 2466 argumentum

323 2475 395 2499 deest
416 2475 442 2498 D
466 2474 491 2499 2.
572 2472 594 2505 i)
618 2474 774 2504 Quomodo
797 2474 829 2500 C.
850 2475 888 2501 D.
912 2475 977 2501 Hl.
999 2475 1013 2499 Ι
1036 2475 1062 2500 1.
1145 2473 1176 2506 k)
1198 2475 1391 2499 Pannoniam
1413 2475 1436 2498 B
1452 2475 1476 2500 1.
1500 2475 1526 2498 D
1541 2476 1566 2498 1.
1647 2472 1669 2505 l)
1691 2472 1809 2496 bisson-

324 2513 404 2538 tibus
427 2512 460 2538 C.
483 2513 520 2538 D.
544 2513 559 2538 I
583 2514 612 2544 13
643 2514 714 2538 deest
737 2513 763 2538 A
785 2513 811 2539 5.
903 2513 944 2546 m)
968 2514 999 2539 in
1030 2528 1064 2533 —
1098 2514 1254 2539 constituit
1282 2514 1337 2539 des.
1367 2514 1398 2538 C.
1423 2514 1460 2538 D.
1483 2514 1511 2538 H
1534 2514 1558 2538 1.
1583 2513 1597 2538 I
1620 2514 1650 2542 13
1683 2511 1721 2535 sit
1738 2513 1805 2542 post

324 2552 389 2578 aad.
412 2552 438 2576 D
462 2553 488 2584 1,
511 2555 534 2577 ec
556 2552 595 2577 ila
616 2553 682 2579 D2.
706 2553 733 2578 3.
814 2551 846 2585 n)
869 2553 940 2578 deest
964 2552 1038 2578 C'l.
1120 2552 1149 2585 o)
1173 2553 1270 2584 deque
1292 2553 1325 2577 P.
1346 2552 1382 2578 A.
1404 2560 1432 2584 p.
1454 2553 1509 2577 des.
1534 2551 1564 2577 C.
1587 2551 1627 2576 D.
1650 2550 1716 2574 Hl.
1739 2549 1753 2573 I
1778 2550 1809 2575 1.

325 2589 356 2622 p)
381 2591 530 2621 quomodo
555 2605 588 2611 —
621 2591 751 2616 occurrit
771 2592 826 2618 des.
851 2591 884 2618 C.
906 2593 943 2618 D.
967 2593 995 2617 H
1019 2593 1045 2617 1.
1068 2592 1082 2616 Ι
1107 2594 1139 2623 1;
1166 2592 1199 2617 in
1221 2592 1259 2616 ad
1286 2592 1412 2618 Plavem
1438 2598 1500 2616 cum
1529 2589 1701 2615 antecedenti
1721 2595 1805 2620 arqu-

345 705 385 800 :⁴5³³

348 873 387 914 [³0

325 2633 415 2653 mento
431 2630 559 2661 ‚sunctum
580 2631 603 2655 Β
629 2632 653 2663 1,
675 2631 740 2656 ubi:
763 2631 809 2656 De
830 2631 933 2657 Felice
956 2634 1017 2662 est3
1039 2630 1094 2656 D5
1118 2639 1180 2663 arq.
1205 2632 1250 2656 11.
1273 2634 1297 2655 ec
1320 2631 1365 2655 12.
1387 2630 1540 2661 conjunxit.
1622 2627 1652 2660 q)
1677 2628 1717 2652 ita
1738 2627 1801 2653 Pal.

327 2668 402 2699 Ass„
425 2671 455 2692 ut
474 2669 595 2701 videtur,
617 2669 643 2693 A
657 2671 681 2695 1.
704 2671 728 2694 B
744 2671 776 2700 13
798 2671 989 2701 provinciam
1010 2670 1101 2695 ceferi.
1172 2668 1198 2702 r)
1222 2672 1251 2694 et
1265 2670 1457 2695 —Venetiae
1479 2669 1535 2694 des.
1560 2667 1591 2694 C.
1615 2667 1732 2692 D.Hl.
1747 2667 1761 2690 I
1775 2668 1804 2691 1.

325 2705 351 2738 s)
374 2706 519 2737 Lignaria
539 2708 562 2731 B
587 2709 617 2739 13
648 2708 774 2739 Ligoria
795 2709 817 2734 C
841 2710 866 2734 1.
889 2709 916 2733 D
940 2710 964 2734 1.
989 2709 1004 2733 1
1027 2710 1052 2734 1.
1152 2707 1176 2740 t)
1199 2708 1372 2740 provintiae
1406 2707 1427 2733 C
1450 2708 1476 2733 1.
1498 2708 1513 2732 Ι
1539 2708 1564 2732 1.
1665 2705 1697 2738 11)
1721 2708 1749 2731 et
1771 2705 1801 2730 d.

324 2745 353 2771 d.
376 2745 411 2771 R.
434 2746 488 2771 (Ζοδ-
513 2745 545 2772 C.
568 2746 606 2771 D.
629 2747 656 2771 H
680 2748 705 2774 1.
729 2748 743 2772 I
766 2748 790 2773 1.
874 2746 903 2779 v)
927 2748 1017 2773 terris
1039 2747 1065 2772 A
1089 2746 1127 2771 1?
1149 2747 1228 2778 regis
1251 2747 1274 2771 B
1299 2748 1323 2772 l.
