1852 3141
366 143 512 176 PAULI
538 142 767 175 HISTORIA
794 140 1236 174 LANGOBARDORUM.
1498 140 1539 170 19

61 257 169 298 libro
210 255 388 310 adjutus
426 260 502 304 est,
555 253 631 308 qui
675 251 844 293 saeculo
885 252 950 293 VI.
995 256 1192 302 eoeeunte,
1243 249 1331 290 VII.
1367 250 1540 290 ineunte

61 313 170 353 vioeit
200 311 325 364 (obiit
354 325 394 350 a.
417 309 519 360 612)
551 315 588 348 et
615 308 753 349 Paulo
782 313 878 348 teste
908 308 1180 347 ‘succinctam
1211 306 1261 346 de
1289 305 1540 358 Lan-(lobar-

61 368 212 409 dorum
231 366 361 421 gestis
383 365 616 418 composuit
631 364 868 404 historiam'
891 362 984 415 (IV,
1000 361 1076 414 42;
1100 361 1154 416 cf.
1171 361 1253 413 III,
1271 360 1336 401 28.
1357 360 1432 412 IV,
1449 360 1541 412 27),

64 437 151 476 qua
178 421 373 475 fortasse
412 421 540 460 etiam
572 419 826 473 antiquiora
854 417 932 458 illa
968 423 1162 470 tempora
1190 417 1363 472 tetiyitl.
1427 415 1541 457 Certe

60 477 226 518 Paulus
256 490 542 531 quaecumque
574 475 623 514 de
644 475 767 514 rebus
789 488 821 513 s.
853 473 919 513 VI.
950 479 987 512 et
1017 473 1107 513 VII.
1138 473 1267 527 gestis
1289 471 1541 511 accuratius

61 532 191 586 refert
211 547 263 572 ese
285 532 364 572 hac
385 533 584 572 sumsisse
616 529 858 584 *putandus
887 533 944 568 est
955 535 982 579 ²,
1017 543 1101 582 qua
1131 528 1358 568 destitutus
1380 526 1542 566 brevem

61 594 97 628 et
117 589 319 643 jejunam
350 592 515 626 tantum
553 591 787 638 temporum
825 584 1170 637 subsequentium
1200 583 1398 623 notitiam
1429 581 1545 622 dedit

62 644 161 697 (IV,
185 642 237 683 23
269 644 394 696 sqq)
454 641 536 682 His
565 654 662 680 vero
693 654 744 680 ea
773 639 960 679 inseruit
989 653 1098 692 quae
1129 638 1179 677 de
1212 637 1544 691 imperatoribus

65 696 568 751 Constantinopolitanis,
600 695 650 735 de
670 694 841 748 regibus
861 693 1146 743 Francorum,
1178 693 1230 732 de
1259 692 1543 745 scriptoribus

62 753 378 804 ecclesiasticis,
420 752 470 791 de
499 751 757 790 monasterio
789 747 834 789 S.
866 748 1092 788 Benedicti
1122 753 1338 800 comperta
1379 747 1543 799 habuit,

62 811 126 850 ita
156 815 201 849 ut
222 807 460 863 yeneo⁴alenz
477 805 578 859 fere
609 819 642 844 s.
671 804 794 845 VL—
807 803 921 844 VIII.
945 804 1171 843 historiam
1192 802 1402 854 conderet,
1435 817 1544 855 quae

61 865 267 905 historiae
303 863 527 902 Romanae
566 861 614 900 ‘in
650 860 787 900 medio
827 858 995 899 saeculo
1037 858 1102 899 VI.
1144 858 1377 898 desinentis
1416 858 1546 911 quasi

61 919 326 961 continuatio
365 917 505 970 possit
549 915 712 956 haberi.
784 914 855 955 Ad
899 929 1056 954 manus
1100 914 1138 954 ei
1170 913 1362 964 fuerunt
1404 912 1544 954 Plinii

62 975 243 1015 historia
265 971 500 1023 naturalis,
532 970 678 1012 Servii
707 970 1036 1011 commentarius
1067 969 1114 1009 in
1146 967 1392 1023 Vergyilium,
1424 983 1545 1021 quem

63 1030 232 1070 Donati
251 1029 420 1068 nomine
440 1027 596 1067 laudat
617 1026 699 1079 (ΙΙ,
721 1025 813 1077 23),
848 1024 1081 1079 Catalogyus
1095 1024 1434 1078 provinciarum
1455 1023 1542 1063 Ita-

61 1085 144 1126 liae
166 1083 291 1138 infra
311 1082 502 1124 edendus
525 1082 607 1135 (ΙΙ,
625 1081 715 1133 20),
738 1081 903 1122 Isidori
923 1081 1156 1121 chronicon
1178 1085 1215 1120 et
1235 1078 1544 1135 Etymoloyiae,

61 1139 265 1195 Greyorii
297 1139 331 1178 I.
363 1138 522 1193 Mayni.
566 1136 734 1191 dial09i
769 1142 805 1177 et
843 1136 1068 1190 epistolae,
1124 1134 1254 1176 Gesta
1289 1135 1545 1188 pontificum

62 1196 356 1237 Romanorum
379 1193 438 1234 ad
459 1192 719 1247 Gmyorium
740 1192 799 1232 ΙΙ.
821 1206 954 1247 usque
976 1192 1173 1243 deducta,
1205 1190 1351 1231 IlIarci
1371 1205 1545 1230 carmen

60 1251 108 1291 in
130 1250 300 1291 laudem
320 1248 366 1290 S.
388 1248 615 1289 Benedicti
636 1248 694 1300 (Ι,
716 1246 806 1299 26),
838 1247 1059 1301 Euyippii
1079 1247 1170 1287 vita
1192 1245 1404 1296 Severini,
1436 1244 1542 1285 Aut-

56 1307 175 1361 perti
204 1307 295 1345 vita
326 1304 536 1344 Palclonis
567 1309 604 1344 et
627 1304 812 1344 Tasonis
843 1303 938 1356 (VI,
960 1303 1056 1353 40),
1094 1301 1310 1344 Jordanis
1349 1301 1454 1342 liber
1494 1300 1544 1341 de

60 1361 185 1401 rebus
205 1360 362 1401 Geticis
393 1359 476 1412 (ΙΙ,
501 1359 625 1410 17)3,
659 1357 864 1413 Gregorii
896 1358 1157 1399 Turonensis
1188 1357 1388 1397 Historia
1418 1356 1543 1397 eccle-

61 1417 241 1457 siastica
276 1415 569 1465 Francorum,
613 1416 661 1454 in
706 1429 793 1468 qua
837 1413 972 1453 multa
1017 1413 1144 1452 etiam
1184 1413 1234 1452 de
1271 1412 1543 1453 Francorum

63 1470 180 1512 bellis
217 1486 311 1511 cum
341 1469 649 1523 Langobardis
679 1469 807 1524 gestis
836 1469 1039 1519 inventis
1076 1467 1222 1508 Bedae
1251 1467 1358 1507 liber
1388 1467 1438 1508 de
1469 1481 1542 1507 seoe

63 1525 273 1567 aetatibus
312 1525 465 1565 mundi
507 1531 544 1564 et
584 1524 782 1565 Historia
824 1523 1112 1564 ecclesiastica
1149 1521 1414 1577 Anchlorum,
1460 1522 1540 1563 Di-

61 1587 274 1637 9estorum
304 1581 435 1621 cocleoe
466 1580 523 1632 (Ι,
546 1578 635 1631 25),
668 1579 849 1620 Edictus
877 1579 1087 1619 Rotharis
1119 1593 1213 1618 cum
1245 1577 1542 1619 additionibus

63 1635 310 1677 G'rimoaldi
345 1636 402 1688 (Ι,
425 1635 490 1674 21.
532 1635 572 1686 V,
596 1635 672 1686 33)
683 1666 694 1685 ,
731 1635 1000 1687 epitaphium
1030 1633 1263 1674 Droctonis
1302 1634 1416 1688 quod
1453 1633 1542 1673 Ra-

59 1706 223 1733 vennae
244 1690 438 1732 eoestabat
459 1690 567 1742 (III,
592 1690 679 1741 19).
733 1689 963 1729 Praeterea
979 1687 1128 1742 fastos
1151 1688 1213 1728 vel
1236 1688 1418 1729 annales
1439 1703 1471 1728 s.
1500 1688 1540 1729 V.

61 1747 118 1800 (I,
141 1747 206 1787 25.
239 1747 295 1799 II,
318 1745 411 1797 14),
438 1745 631 1799 fortasse
661 1746 787 1785 etiam
818 1744 1062 1799 cataloyum
1093 1744 1249 1784 ducum
1279 1744 1542 1784 Beneventa-

59 1809 235 1844 norum⁵
267 1808 303 1841 et
324 1799 655 1855 Spoletanorum
683 1800 883 1840 habuisse
905 1799 1137 1854 putandus
1159 1805 1228 1840 est.
1288 1798 1424 1840 Plura
1447 1814 1541 1840 vero

61 1871 193 1912 eaque
212 1858 366 1912 mayni
380 1855 601 1909 facienda
622 1856 748 1897 etiam
770 1870 821 1896 eoe
843 1855 1004 1909 populi
1024 1869 1093 1895 ore
1115 1853 1294 1909 colleyit,
1326 1856 1413 1896 sive
1445 1869 1539 1896 car-

60 1976 150 2009 Acta
175 1980 257 2009 sunt
282 1987 388 2018 supra
414 1977 547 2018 scripta
575 1977 692 2008 omnia
718 1976 754 2006 in
793 1975 935 2006 civitate
961 1975 1170 2007 Tridentina
1204 1975 1240 2005 in
1266 1974 1345 2006 loco
1373 1974 1542 2016 Anagnis,

58 2024 268 2067 presedente
303 2024 455 2066 Agnello
492 2025 658 2066 episcopo
694 2034 784 2055 anno
820 2024 852 2057 3.
889 2023 1041 2066 expleto.
1092 2024 1169 2065 Ego
1206 2022 1390 2055 Secundus
1421 2033 1542 2055 servus

60 2073 192 2106 Christi
217 2073 342 2115 scripsi
368 2073 434 2104 hec
464 2072 702 2105 conversionis
738 2082 836 2104 sacre
864 2071 1053 2113 relegionis
1087 2082 1165 2103 mee
1190 2081 1280 2103 anno
1311 2071 1365 2111 15,
1404 2071 1543 2113 imperii

59 2121 192 2153 Tiberii
227 2131 317 2153 anno
352 2122 474 2164 primo,
512 2131 631 2153 mense
658 2121 771 2160 Iunio,
798 2119 920 2152 indict.
952 2121 1007 2152 13.
1134 2118 1169 2161 1)
1206 2117 1358 2151 Secundi
1393 2119 1543 2151 codicem

61 2169 175 2201 adhuc
203 2180 230 2201 s.
259 2168 347 2201 XII.
381 2169 529 2201 Briaeiae
559 2168 688 2211 fuisse,
716 2168 850 2200 incerta
884 2173 931 2200 est
966 2168 1110 2208 notitia3
1145 2168 1309 2210 Emmert,
1347 2178 1406 2208 ap.
1435 2166 1539 2200 Move

59 2216 229 2259 Anzeiyer
259 2217 362 2256 1839,
384 2229 424 2258 p.
452 2217 534 2248 282.
637 2215 674 2259 2)
704 2216 755 2258 Cf.
784 2216 908 2248 Baudi
943 2215 980 2248 cli
1014 2216 1142 2255 Vesme,
1177 2215 1307 2248 Edicta
1334 2215 1471 2248 Introd.
1493 2226 1535 2257 p.

58 2263 228 2304 LXXIV,
249 2265 309 2306 qui
335 2270 448 2297 tamen
474 2265 585 2297 nimia
599 2265 740 2307 fiducia
765 2264 808 2297 de
835 2264 980 2307 sinqulis
1007 2265 1089 2297 locis
1112 2264 1266 2307 judicat.
1321 2262 1417 2302 Quae
1445 2262 1539 2296 C'ont.

59 2311 224 2353 Pro-speri
249 2312 463 2345 Havniensis
489 2313 532 2345 de
558 2312 804 2356 Langobardi&
830 2319 956 2345 narrat
990 2318 1112 2345 notatu
1147 2313 1248 2345 valde
1275 2312 1385 2354 digna
1412 2323 1454 2344 eae
1482 2311 1540 2344 Se-

60 2360 173 2392 cundo
200 2366 314 2391 sumta
339 2371 420 2400 esse,
446 2361 644 2393 Bethmann
672 2361 794 2402 (Arch.
820 2360 863 2400 X,
887 2372 924 2402 p.
952 2361 1051 2402 381),
1079 2360 1176 2393 Hille
1204 2360 1256 2402 (p.
1287 2361 1360 2402 10),
1389 2360 1452 2392 alii
1470 2366 1542 2392 sla-

62 2413 212 2440 tuerunt.
263 2407 334 2440 Sed
358 2413 446 2440 recte
472 2408 595 2440 Jacobi
627 2409 688 2441 hoc
713 2408 865 2451 negavit.
975 2409 1013 2442 3)
1056 2409 1168 2440 Unum
1203 2409 1293 2441 hunc
1328 2409 1439 2440 locum
1472 2420 1541 2440 non

60 2455 180 2499 mci-(sni
204 2456 373 2498 facerem,
400 2455 469 2487 nisi
504 2457 539 2488 in
566 2456 711 2489 historia
746 2457 907 2488 Romana
939 2456 1079 2498 saepiu-s
1106 2468 1142 2489 eo
1175 2467 1258 2489 usus
1294 2462 1390 2488 esset.
1441 2455 1543 2488 Libri

58 2506 100 2538 de
125 2515 310 2547 relqnorum
345 2505 555 2537 successione
589 2510 681 2537 certa
716 2503 861 2547 vestigia
895 2505 994 2536 haud
1029 2504 1155 2536 inveni.
1259 2504 1295 2537 4]
1333 2503 1541 2546 Fredessarii

60 2552 227 2596 epitomen
254 2559 284 2585 et
315 2553 498 2585 chronicon
531 2551 621 2585 inter
655 2552 761 2584 Pauli
789 2553 910 2594 fontes
942 2564 1011 2584 non
1048 2551 1233 2591 retulerim,
1273 2552 1431 2593 quami-is
1456 2564 1536 2585 non-

58 2613 247 2644 numquam
275 2601 345 2642 (II,
374 2602 406 2633 5.
438 2601 501 2641 IV,
532 2602 585 2634 15.
614 2602 671 2633 43.
700 2602 761 2641 50)
789 2600 919 2632 similia
944 2606 1077 2632 narret.
1178 2599 1215 2642 5)
1244 2599 1357 2632 Nimis
1384 2607 1472 2633 certe
1499 2601 1541 2633 de

60 2650 217 2683 chronico
245 2650 372 2683 ducum
409 2650 733 2682 Beneventanorum
769 2649 920 2691 loquitur
946 2647 1068 2681 Baudi
1094 2648 1132 2680 di
1166 2648 1281 2681 Vesmc
1307 2660 1339 2689 p.
1370 2648 1539 2681 LXXIV.

67 2697 148 2731 Tale
174 2697 204 2731 si
236 2699 429 2738 exstitisset,
467 2696 504 2730 in
540 2697 653 2730 Gestis
687 2708 762 2739 epp.
800 2697 1124 2739 Neapolitanorum,
1174 2697 1251 2728 Vita
1286 2697 1436 2729 Barbati
1468 2698 1539 2740 ejus

62 2745 206 2790 vesliqia
232 2747 490 2789 deprehendere
518 2746 730 2779 deberemus.

1191 2812 1233 2831 0*

1557 535 1566 545 ⁸
1579 544 1608 569 p.
1621 537 1669 563 26.
