1852 3141
244 85 310 116 154
448 83 590 116 PAULI
618 81 845 115 HISTORIA
874 81 1313 115 LANGOBARDORUM.
1366 81 1458 113 LIB.
1487 82 1548 114 IV.

240 196 332 235 viro
386 209 458 235 suo
511 193 801 234 Grudescalcoa
854 193 1022 232 nomine
1073 191 1124 232 de
1185 192 1349 234 civitate
1401 192 1619 234 Parmensi
1672 189 1725 232 ab

241 251 429 292 exercitu
443 251 459 276 ¹>
502 248 728 290 Gallicinic
765 248 951 302 patricii,
989 254 1029 288 et
1069 247 1152 288 add
1194 247 1340 288 urbem
1389 248 1725 290 Ravennatiuin‘³

241 313 337 347 sunt
368 305 550 346 deducti.
612 304 704 345 Hoc
738 318 905 359 quoquc
927 310 1116 358 tempore
1149 303 1261 344 misit
1280 303 1444 359 Agilulf
1462 320 1537 345 rex
1569 317 1725 345 cacano

240 362 331 415 regi
379 361 618 402 Avarorum
662 360 842 400 artifices
880 357 933 399 ad
976 358 1192 400 faciendas
1236 374 1385 412 naves,
1437 375 1529 401 011111
1574 359 1727 416 quibus

240 418 372 458 isdem
403 431 584 457 cacanus
615 414 791 456 insulam
825 414 1036 470 quandam
1068 415 1110 454 in
1140 413 1346 455 Thracias
1375 417 1644 471 expugnavit.

166 483 226 518 (22)
352 473 416 513 21.
489 473 571 513 Per
614 471 727 513 idem
778 478 977 527 quoquc&
1027 477 1194 526 teinpus
1239 470 1529 512 Theudelinda
1580 472 1726 527 regina

241 528 460 569 basilicam
507 528 618 569 beati
649 527 848 568 Iohannis
878 527 1105 581 baptistae,
1147 540 1271 582 quam
1312 527 1354 567 in
1384 527 1593 568 Modiciah
1631 541 1727 568 con-

244 586 490 636 sti-uxei·at*,
531 584 604 639 qui
632 582 750 624 locus
783 598 910 638 supra
934 581 1240 625 Mediolanumi
1273 582 1525 625 duodecimk
1557 581 1726 624 milibus

243 640 406 693 abest¹‚
473 639 684 681 dedicavit
738 639 965 695 multisque
1021 639 1276 680 ornamentis
1337 639 1425 680 auri
1481 639 1727 694 argentique

92 697 482 744 'p.124.decoravit¹
515 695 783 751 praediisque
796 703 821 721 ¹¹¹
854 695 1133 737 *sufficienter
1154 694 1360 736 ditavit**.
1422 694 1516 746 Quo
1552 695 1595 735 in
1634 693 1727 736 1000

286 804 314 848 *)
342 807 370 838 F
399 806 430 837 2.
460 803 508 837 ⁸2.
537 805 581 836 ‘Za
609 805 762 836 mldzmt:
793 815 854 847 pro
873 815 910 836 se
932 808 965 836 et
990 815 1050 846 pro
1078 805 1151 836 viro
1179 815 1241 836 suo
1263 809 1296 836 et
1323 814 1383 846 pro
1412 803 1492 836 tiliis
1519 814 1561 835 ac
1589 803 1728 836 filiabus

342 859 375 887 et
402 865 463 897 pro
494 855 628 886 cunetis
656 852 902 895 Langobar-dis
930 853 1168 891 Italiensibus‚
1205 857 1242 884 ut
1269 854 1344 895 ipse
1381 857 1523 885 sanctus
1550 853 1728 885 Iohannes

340 904 385 936 sit
411 904 622 935 intercessor
650 913 711 945 pro
745 903 879 934 cunctis
908 902 1154 943 Langobardis
1182 901 1226 933 ad
1254 902 1455 941 Dominum,
1485 906 1518 933 et
1544 901 1595 933 illi
1622 912 1729 934 vove-

340 956 419 984 runt
445 953 534 984 inter
560 962 596 983 se
625 951 835 983 unanimiter
869 951 1019 982 maiores
1047 954 1130 982 natu
1167 961 1244 982 cum
1272 961 1355 992 rege
1396 961 1457 982 suo
1487 954 1521 982 et
1546 961 1616 982 una
1651 961 1728 982 cum

340 1000 587 1032 Theotlelinda
613 1001 735 1041 regina
765 1003 869 1042 atque
899 999 1078 1031 dixerunt:
1107 999 1157 1031 ‘Si
1175 1003 1316 1031 sanctus
1336 999 1512 1031 Iohannes
1540 1010 1600 1042 pro
1628 999 1729 1031 nobis

340 1049 582 1092 interpellator
608 1050 652 1081 sit
679 1048 722 1080 ad
755 1048 931 1080 dominum
960 1052 1113 1080 nostrum
1134 1048 1251 1080 Iesum
1273 1048 1460 1087 Christum,
1489 1052 1579 1080 nos¹¹
1608 1058 1728 1079 omnes

340 1099 550 1130 unanimiter
575 1097 783 1139 pollicemur
808 1097 860 1128 illi
888 1098 1051 1138 omnique
1080 1107 1169 1129 anno
1193 1098 1227 1128 in
1256 1096 1311 1128 die
1339 1098 1532 1128 nativitatis
1560 1107 1633 1136 sue,
1662 1097 1728 1128 hoc

343 1151 395 1179 est
422 1146 455 1179 8.
476 1146 554 1179 Kal.
575 1146 668 1183 Iulii,
699 1145 741 1177 de
768 1146 895 1177 nostris
922 1145 1148 1177 facultatibus
1175 1146 1438 1178 transmissuros
1465 1144 1655 1177 honorifice
1684 1146 1728 1177 ad

341 1195 520 1227 oraculum
551 1195 636 1233 eius,
664 1198 701 1226 ut
719 1204 781 1236 per
807 1194 901 1226 illius
929 1194 1249 1236 interpellationem
1269 1194 1462 1226 habeamus
1482 1195 1646 1226 iuvarnen
1668 1194 1727 1226 do-

340 1245 424 1276 mini
451 1244 564 1276 nostri
591 1243 675 1275 Iesu
703 1243 833 1275 Christi
860 1247 929 1274 tam
957 1243 993 1274 in
1021 1242 1113 1275 bello
1142 1253 1246 1284 quam
1273 1244 1307 1274 in
1339 1243 1498 1274 omnibus
1526 1242 1624 1282 10015,
1652 1242 1730 1274 ubi·

342 1303 490 1335 cumque
518 1293 601 1324 ituri
628 1292 767 1324 sumus'.
818 1291 872 1323 Ab
901 1291 961 1324 1110
991 1301 1073 1333 ergo
1103 1291 1159 1322 die
1191 1293 1225 1323 in
1253 1292 1412 1323 omnibus
1442 1291 1579 1323 actibus
1610 1302 1728 1323 eorum

344 1345 513 1384 ceperunt
535 1342 700 1372 invocare
728 1344 887 1372 sanctum
916 1340 1120 1383 Iohannem,
1149 1344 1186 1372 ut
1212 1339 1282 1372 illis
1311 1340 1472 1382 preberet
1500 1339 1667 1371 auxilium
1694 1340 1730 1371 in

340 1392 469 1422 virtute
494 1390 626 1422 domini
652 1390 760 1421 nostri
788 1389 869 1421 Iesu
892 1388 1033 1431 Christi,
1063 1394 1097 1421 et
1122 1388 1175 1420 illi
1203 1399 1323 1421 omnes
1359 1389 1612 1431 permanebant
1638 1388 1730 1420 illesi

341 1441 563 1482 victoresque
592 1440 799 1470 exstiterunt
825 1448 930 1480 super
957 1442 1100 1470 cunctos
1128 1437 1349 1470 adversarios
1378 1448 1506 1470 eorum.

271 1510 315 1555 ‘*)
342 1513 369 1543 F
398 1511 429 1542 2.
460 1510 508 1543 ‘2.
538 1511 580 1541 2³
622 1511 777 1543 addunt.-
828 1510 982 1543 familias
1017 1521 1059 1542 ac
1094 1511 1335 1553 possessiones
1372 1510 1498 1542 multas
1534 1511 1569 1542 in
1606 1510 1731 1542 eodem

342 1561 420 1593 loco
448 1561 650 1602 subiugavit
668 1561 703 1592 in
731 1561 862 1592 honore
890 1560 1004 1592 sancti
1031 1560 1184 1602 baptiste
1212 1560 1390 1592 Iohannis.
1432 1560 1602 1591 Dicamus
1631 1560 1731 1591 offer-

342 1611 476 1642 sionem
506 1610 676 1651 scripture
695 1608 939 1641 Theodelinde
971 1610 1111 1650 regine:
1141 1608 1264 1640 ‘Offert
1289 1608 1542 1650 gloriosissima
1568 1608 1729 1640 Theode-

341 1658 439 1690 linda
466 1659 588 1700 regina
614 1669 684 1690 una
713 1668 791 1689 cum
818 1657 890 1689 filio
918 1668 980 1689 suo
1006 1657 1183 1689 Adalvald
1211 1657 1317 1699 rege²
1344 1661 1465 1689 sancto
1493 1657 1642 1688 Iohanni
1668 1667 1730 1698 pa·

342 1711 442 1739 trono
469 1717 530 1739 suo
560 1707 602 1738 de
643 1706 734 1738 dono
762 1707 831 1737 Dei
871 1710 905 1738 et
933 1705 975 1737 de
1017 1705 1156 1738 dotibus
1195 1707 1266 1738 suis
1308 1705 1476 1737 cartulam
1519 1704 1728 1745 donationis,

342 1766 446 1798 quam
474 1760 508 1787 et
534 1766 672 1787 suorum
699 1755 877 1797 presentia
903 1755 1055 1786 scribere
1083 1754 1165 1786 fecit
1177 1754 1202 1785 2.
1267 1755 1330 1786 Si0
1355 1755 1432 1795 quis
1460 1753 1617 1795 quolibet
1643 1757 1730 1785 tem—

341 1815 425 1847 pore
452 1804 543 1835 hanc
571 1804 823 1835 donationemp
863 1803 1053 1834 voluntatis
1080 1813 1142 1834 sue
1183 1803 1395 1844 corruperit,
1435 1803 1470 1833 in
1509 1801 1632 1833 iudicii
1673 1802 1729 1834 (lie

343 1863 420 1884 cum
443 1852 533 1884 Iuda
558 1851 725 1884 traditore
754 1849 982 1894 dampnetur’.
1036 1851 1218 1883 Ordinatio
1246 1861 1328 1882 vero
1349 1852 1423 1882 eius
1451 1850 1531 1882 talis
1550 1851 1633 1882 fuit:
1661 1851 1729 1882 ‘De

244 1948 273 1981 a)
296 1949 335 1973 ita
369 1947 395 1972 A
419 1950 442 1974 1.
469 1949 492 1974 ⁵2.
514 1948 537 1972 F
562 1950 586 1973 1.
611 1947 636 1973 G
661 1949 691 1978 13
725 1947 936 1973 Godeschalco
969 1947 995 1972 A
1018 1947 1051 1977 3;
1085 1947 1272 1972 Godescalco
1305 1946 1331 1971 A
1353 1948 1380 1972 4.
1405 1947 1430 1971 Ξ).
1455 1947 1476 1972 O
1501 1948 1525 1972 1.
1548 1948 1574 1971 D
1600 1948 1624 1972 1.
1649 1949 1675 1973 ⁵2.
1700 1947 1729 1972 3.

243 1989 266 2012 F
288 1989 317 2012 4.
340 1987 365 2013 G
389 1987 414 2012 2.
439 1987 486 2012 522.
521 1987 535 2011 1
559 1989 592 2018 13
627 1987 833 2012 Godescalcho
866 1987 888 2011 F
911 1987 943 2017 53
977 1986 1165 2011 Godescaldo
1197 1987 1223 2011 A
1247 1987 1272 2012 6.
1307 1986 1328 2011 C
1351 1986 1395 2017 '23
1430 1985 1616 2011 Gadcscalco
1648 1987 1671 2011 B
1697 1987 1728 2017 23

245 2027 434 2052 Godeccalco
458 2026 483 2050 A
506 2025 545 2051 ⁸3.
640 2025 670 2058 b)
694 2027 859 2051 exercitum
881 2026 904 2050 F
930 2027 954 2050 1.
1047 2025 1073 2057 c)
1099 2025 1244 2051 Gallinici
1268 2026 1295 2050 D
1319 2027 1331 2050 1
1366 2033 1378 2049 e
1399 2033 1484 2054 corin,
1508 2029 1531 2050 et
1554 2026 1592 2049 ita
1615 2026 1667 2049 alii
1689 2026 1727 2051 D.

245 2065 274 2098 d)
297 2066 369 2090 deest
390 2066 424 2090 F.
450 2066 475 2090 G
500 2066 589 2096 1-4;
612 2067 644 2090 in
668 2064 693 2090 G
715 2066 761 2091 Sa.
776 2065 803 2089 b.
884 2065 911 2093 0)
935 2065 1181 2090 Ravenuantium
1203 2066 1228 2090 Α
1251 2065 1276 2089 2.
1301 2066 1328 2090 4.
1352 2065 1379 2090 6.
1405 2064 1426 2090 C
1450 2063 1489 2090 ¹1.
1516 2066 1540 2091 1.
1562 2065 1588 2089 D
1616 2066 1639 2089 1.
1662 2065 1686 2089 E
1702 2066 1727 2090 1.

244 2106 266 2130 F
292 2107 316 2131 1.
341 2105 367 2130 G
379 2106 405 2137 4,
429 2112 441 2129 e
462 2112 537 2130 corr.
561 2104 587 2129 G
599 2105 649 2135 503
671 2105 706 2135 cf.
728 2112 817 2136 supra
835 2112 866 2135 p.
892 2104 945 2128 107
969 2111 998 2128 n.
1020 2104 1047 2129 b.
1073 2119 1106 2122 —
1129 2104 1258 2129 deducta
1279 2104 1301 2128 F
1317 2106 1340 2128 1.
1405 2103 1426 2135 f)
1451 2103 1581 2128 Trachia
1603 2102 1628 2127 Α
1652 2104 1677 2127 3.
1701 2104 1727 2128 5.

244 2146 267 2170 B
293 2146 317 2171 2.
341 2144 367 2170 G
391 2145 416 2169 1.
437 2144 465 2170 4.
488 2144 540 2175 5²²3
562 2144 745 2169 Thi-achiam
768 2151 841 2169 eorr.
875 2144 1004 2168 Thracia
1027 2143 1052 2168 G
1075 2143 1107 2173 33
1138 2144 1247 2167 Tracia
1277 2143 1298 2168 C
1325 2145 1349 2168 1.
1373 2143 1399 2167 D
1424 2143 1449 2167 3.
1473 2143 1495 2167 F
1520 2144 1543 2166 1.
1566 2143 1580 2167 I
1605 2144 1633 2173 13
1656 2142 1728 2166 Tra-

245 2185 322 2209 ciam
355 2183 380 2208 A
403 2184 429 2208 6.
454 2183 481 2207 Η
506 2184 530 2207 1.
620 2182 649 2214 g)
674 2183 746 2207 deest
770 2182 795 2208 G
818 2184 844 2208 2.
881 2197 914 2201 ——
947 2186 1064 2214 tempus
1093 2185 1159 2213 post
1179 2183 1272 2214 suppl.
1296 2182 1318 2206 F
1344 2183 1368 2207 1.
1451 2180 1481 2213 11)
1503 2182 1623 2206 Modica
1653 2182 1676 2206 B
1701 2182 1726 2207 2.

245 2223 266 2248 C
293 2225 323 2254 1;
356 2222 514 2257 Moedecia
545 2225 576 2246 uc
607 2223 717 2246 ridetur
749 2229 824 2247 corr.
857 2222 990 2246 Modicia
1022 2221 1047 2246 G
1071 2221 1102 2251 3;
1136 2222 1290 2246 Modoetia
1321 2222 1343 2245 F
1367 2222 1419 2251 2a;
1451 2221 1487 2252 cs.
1520 2221 1601 2251 infra
1635 2228 1656 2245 c.
1680 2221 1726 2246 27.

244 2260 266 2294 i)
289 2263 328 2286 ita
342 2262 392 2286 hoc
412 2262 471 2286 loco
494 2268 587 2286 omnes
601 2261 681 2292 fere3
705 2260 922 2286 Mediolanium
937 2260 962 2285 G
975 2261 990 2285 3
1013 2261 1144 2292 saepiam
1167 2261 1203 2291 cf.
1217 2268 1306 2292 supr-cz
1316 2268 1347 2292 p.
1361 2261 1415 2286 103
1429 2267 1457 2286 π.
1470 2261 1498 2285 b.
1513 2264 1575 2291 etp.
1589 2260 1642 2285 157
1656 2267 1684 2286 n.
1698 2260 1726 2286 b.

204 2330 208 2334 ι
244 2300 274 2334 k)
297 2301 443 2327 tredecim
465 2301 491 2326 A
514 2301 544 2331 3;
576 2301 717 2325 undecim
741 2300 766 2325 G
787 2301 813 2325 4.
915 2300 936 2332 l)
959 2300 1044 2324 adest
1072 2300 1097 2325 A
1122 2301 1146 2326 1.
1170 2300 1194 2324 2.
1295 2299 1335 2330 111)
1354 2300 1447 2331 peryit
1468 2300 1492 2324 B
1516 2301 1542 2325 1.
1644 2298 1674 2331 n)
1699 2301 1729 2324 et

246 2347 299 2366 nos
322 2341 344 2365 F
366 2338 405 2366 ⁸2.
487 2338 516 2372 o)
539 2340 610 2364 deest
632 2340 654 2364 F
678 2338 717 2365 ’2.
799 2338 830 2372 p)
853 2339 925 2364 deest
946 2340 969 2364 F
995 2340 1018 2364 2.
1043 2338 1087 2370 '2;
1110 2341 1217 2364 testem
1237 2339 1276 2364 ed.
1302 2340 1366 2364 Asc.

249 2429 279 2467 1)
311 2426 425 2460 C'ocleae
453 2427 721 2471 evangeliorum,
764 2427 880 2459 aureis
920 2427 1100 2468 operculis,
1140 2438 1215 2458 oum
1252 2425 1475 2468 inscriptione
1510 2423 1725 2458 dedicatoria

252 2475 518 2515 Tkeocklindae,
546 2475 701 2518 depictus
731 2476 828 2518 apud
854 2474 962 2515 frisi,
990 2475 1090 2508 silem.
1118 2475 1156 2507 cli
1174 2475 1303 2507 illonza
1331 2473 1405 2514 HI,
1426 2474 1483 2506 58.
1538 2472 1723 2516 Corporale

246 2535 321 2556 cum
347 2524 698 2567 monoyrammatibus
725 2530 754 2556 et
781 2523 1014 2565 inscriptione,
1032 2525 1192 2566 fortasse
1219 2523 1261 2555 ab
1290 2524 1367 2565 ipsa
1394 2522 1631 2555 Tkeodeliozda
1658 2532 1722 2552 acu

241 2573 386 2613 pictum,
414 2572 497 2605 ibid.
521 2573 600 2605 184.
641 2572 818 2605 Schedula
836 2571 1065 2614 reliquiarum
1092 2583 1179 2614 quas
1202 2572 1232 2604 b.
1255 2571 1442 2614 Greyorius
1468 2568 1722 2603 Theodelindae

246 2621 448 2661 transmisit,
475 2620 561 2654 ibid.
590 2621 642 2661 II,
665 2622 695 2653 1.
743 2623 817 2653 BE.
920 2620 956 2663 2)
984 2621 1241 2653 Bonincontrus
1261 2619 1424 2662 informia,
1450 2618 1627 2650 JIuratori
1654 2616 1721 2650 SS.

246 2667 334 2708 XII,
356 2680 396 2710 p.
425 2670 527 2707 1071,
545 2669 606 2711 qui
625 2670 768 2702 eandem
796 2673 927 2701 cartam
946 2669 1087 2711 excepit,
1114 2669 1231 2701 addit.-
1259 2670 1336 2712 ipsa
1358 2668 1414 2700 die
1432 2668 1467 2699 in
1495 2668 1616 2710 quain
1642 2677 1720 2710 pre-

246 2718 359 2749 sentia
385 2719 494 2759 patris
523 2723 706 2750 coronatus
734 2722 786 2750 est
812 2718 872 2750 ibi.
