1852 3141
204 129 248 160 26
508 130 651 163 PAULI
679 131 906 163 HISTORIA
935 131 1379 165 LANGOBARDORUM.

216 240 279 291 VI,
308 240 345 280 3.
372 242 434 280 10.
463 241 523 281 16.
553 240 726 282 18-27.
756 240 821 281 30.
852 241 917 280 33.
947 239 1012 281 35.
1043 241 1108 281 38.
1139 242 1205 282 44.
1233 242 1300 282 45.
1329 242 1505 283 50-52.
1534 242 1588 283 55
1618 242 1684 283 his

201 294 350 337 dicbus
383 322 432 326 —
464 296 631 337 nominc
662 295 775 347 fuit).
835 295 1008 336 Desinit
1036 296 1086 336 in
1118 297 1251 337 verbis
1282 312 1390 352 quae
1419 298 1473 338 ad
1500 298 1683 353 perticas

201 350 302 404 (VI,
324 352 415 403 55),
448 352 592 392 ultimo
616 351 914 405 quaternionis
930 350 1047 404 folio
1072 354 1228 393 amisso
1237 366 1251 402 ;
1284 368 1392 407 quae
1416 353 1507 394 alia
1529 369 1560 394 s.
1583 354 1681 394 XII.

200 420 356 446 manus
387 406 585 460 supplere
615 407 776 460 incepit
805 405 877 447 sed
907 421 994 447 non
1015 405 1177 458 finivit.
1222 408 1291 447 Ita
1321 408 1576 461 Bethmann,
1610 409 1685 464 qui

200 463 383 503 codicem
413 463 574 502 Itomae
604 461 765 503 evolvit.

313 516 402 571 (14)
450 517 489 556 A
523 517 562 556 4.
635 517 1025 558 Bononiensis
1074 516 1120 557 S.
1167 516 1411 558 Salvatoris
1458 519 1539 559 Nr.
1585 518 1680 570 276,

200 573 366 614 membr.
397 572 436 611 4.
468 588 500 612 s.
532 572 615 624 XI,
652 575 795 627 primo
836 573 1118 627 quaternione
1158 578 1399 625 truncatus,
1440 575 1595 627 incipit
1634 575 1682 614 in

200 628 337 669 medio
377 629 568 668 carmine
599 628 634 680 Ι,
664 628 740 669 26.·
787 628 923 669 Pestis
963 628 1118 682 iniqua.
1185 628 1285 669 Post
1321 630 1491 669 tertium.
1526 629 1683 670 librum

200 684 372 724 numeri
401 683 617 738 capitibus
648 699 736 724 vnon
757 685 856 739 jam.
887 684 1208 724 adscribuntur.
1258 684 1399 726 Cocleoe
1419 699 1471 724 eac
1492 685 1683 739 qenuino

188 740 317 794 fonte
363 740 568 791 haustus,
610 739 748 794 plura
788 745 924 779 tamen
961 741 1219 794 posterioris
1259 742 1460 795 temporis
1501 740 1686 794 vestz'qia

201 795 393 836 ostendit.

312 850 403 906 (15)
437 850 476 890 Α
501 850 540 891 5.
629 851 923 892 Vaticanus
982 850 1380 892 Ottobonianus
1431 851 1512 891 Nr.
1565 849 1684 902 1702,

201 907 337 946 chart.
368 920 400 945 s.
422 906 539 959 XIV,
570 907 669 947 olim
701 906 1079 961 Altaempsianus,
1121 907 1195 947 ubi
1219 907 1351 947 Pauli
1384 907 1580 947 Historia
1602 906 1685 945 Ro-

200 977 333 1002 mana
364 968 400 1002 et
427 962 819 1017 Lanqobardorum
849 968 949 1002 sunt
979 963 1246 1015 conjunctae.
1308 963 1424 1003 Haec
1455 962 1613 1003 desinit
1644 960 1686 1013 V,

201 1017 268 1058 40.
293 1019 338 1058 in
376 1018 528 1058 verbis:
559 1032 702 1072 regem
732 1032 836 1069 esse,
868 1017 1028 1058 ultimis
1050 1018 1152 1058 libri
1168 1018 1300 1072 foliis
1331 1019 1481 1059 vacuis
1511 1017 1684 1057 relictis.

315 1072 405 1129 (16)
436 1074 475 1113 A
497 1074 563 1113 5³.
635 1074 1054 1114 Vindobonensis
1086 1073 1268 1114 Archivi
1308 1074 1455 1128 imper.
1493 1072 1571 1112 Nr.
1604 1072 1682 1113 771

201 1129 473 1182 (Universal.
495 1128 557 1180 5),
587 1129 722 1169 chart.
745 1144 777 1169 s.
798 1129 889 1180 XV,
921 1144 1016 1170 cum
1030 1130 1312 1184 praecedenti
1330 1131 1389 1170 ita
1411 1130 1617 1179 convenit,
1641 1133 1686 1167 ut

201 1186 293 1240 ejus
311 1186 617 1239 apoqraplium
634 1185 845 1226 videatur.
891 1184 1010 1232 Quae
1031 1186 1092 1226 ibt
1113 1185 1279 1235 desunt,
1301 1199 1457 1225 manus
1478 1184 1687 1225 recentior

201 1239 417 1294 supplevit
446 1255 497 1280 esc
527 1241 670 1281 codice
701 1240 888 1295 quodam
920 1240 1072 1282 classis
1107 1240 1143 1282 C
1166 1240 1229 1281 vel
1259 1241 1315 1280 D.
1376 1240 1505 1281 Hunc
1537 1239 1686 1280 evolvit

212 1295 252 1335 V.
289 1294 347 1336 ΘΙ.
388 1295 445 1335 W.
488 1296 775 1338 IVattenbacli.

314 1350 403 1407 (17)
445 1351 578 1391 Abb.
648 1351 1093 1392 Vindobonensis
1136 1351 1218 1391 Nr.
1266 1351 1346 1390 104
1389 1351 1525 1403 (Hist.
1563 1348 1684 1403 prof.

200 1405 282 1446 516
284 1408 319 1457 ),
352 1422 390 1446 a.
418 1406 535 1447 1464.
585 1406 739 1448 Jacobi
768 1406 995 1448 Parleonis
1024 1405 1317 1446 Ariminensis
1339 1406 1461 1476 juris
1488 1405 1685 1456 doctoris,

201 1468 289 1501 tum
322 1460 539 1510 Sambuci,
581 1464 769 1516 scriptus
806 1466 953 1503 ‘manu
992 1463 1072 1502 mei
1103 1461 1283 1516 Georqii
1312 1460 1436 1502 §telle
1467 1460 1687 1514 quondam

201 1517 360 1558 Facini
390 1519 496 1558 civis
524 1518 696 1569 Janue',
727 1518 896 1559 membr.
927 1533 959 1558 s.
989 1517 1079 1561 XV.
1138 1517 1336 1558 Proaeime
1368 1517 1427 1557 ad
1456 1517 1496 1556 A
1516 1516 1542 1557 5
1574 1530 1687 1556 acce-

204 1572 288 1623 dit,
331 1588 510 1626 quocum
551 1574 679 1614 etiam
720 1573 963 1614 Historiam
1000 1573 1246 1614 Romanam
1278 1573 1413 1613 addit.
1464 1570 1687 1612 Peculiare

201 1634 272 1678 est,
304 1628 363 1669 W.
394 1628 712 1670 Wattenbacbio
742 1635 944 1681 monente,
977 1629 1092 1684 quod
1115 1629 1277 1669 indices
1290 1634 1391 1682 post
1420 1627 1576 1668 librum
1597 1641 1686 1667 seoe-

202 1689 287 1724 tum
321 1683 479 1725 collecti
508 1684 731 1724 habentur.

315 1738 406 1793 (18)
438 1738 477 1778 A
498 1740 535 1779 6.
588 1739 922 1792 Parmensis,
953 1740 1019 1779 De
1050 1739 1179 1779 Rossi
1208 1739 1268 1791 ΙΙ,
1300 1738 1370 1790 IV,
1403 1737 1493 1788 126,
1519 1737 1685 1778 membr.

202 1809 234 1834 s.
256 1794 353 1834 XII.
384 1809 447 1835 ω’.
477 1794 515 1846 8,
545 1810 679 1835 manu
715 1797 922 1836 continua
953 1795 1187 1835 Beneventi
1217 1796 1404 1848 scriptus
1434 1793 1496 1834 vel
1525 1808 1576 1834 esc
1607 1793 1686 1833 Be-

202 1856 438 1890 neventano
475 1857 688 1904 eacceptus.
746 1851 846 1891 Post
887 1849 1069 1891 Paulum
1111 1851 1338 1904 lequntur:
1395 1847 1463 1889 Ab
1503 1847 1687 1889 adventu

201 1904 579 1960 Longobardorum
609 1919 741 1960 usque
771 1905 826 1946 ad
855 1920 1012 1946 annum
1042 1905 1184 1946 domni
1208 1904 1442 1946 Grimoaldi
1472 1910 1568 1945 sunt
1587 1904 1687 1944 anni

203 1976 351 2013 ccxm,·
392 1961 595 2015 epistolae
625 1961 784 2002 Karoli
813 1968 850 2003 et
880 1962 1062 2003 Alcuini
1089 1962 1273 2014 fictitiae
1312 1965 1386 2013 (ex
1426 1961 1501 2001 boc
1542 1961 1686 2001 codice

202 2019 318 2071 typis
359 2017 488 2058 datae
532 2017 587 2057 N.
628 2016 758 2057 Arch.
790 2018 834 2070 I,
872 2033 922 2072 p.
965 2017 1088 2068 169),
1133 2016 1407 2058 Constantini
1450 2022 1487 2057 et
1529 2015 1688 2057 Karoli

204 2071 422 2126 epistolae.
481 2072 616 2113 Foliis
649 2073 813 2127 aliquot
843 2073 1092 2128 deperditis,
1124 2072 1256 2112 Pauli
1283 2086 1390 2127 opus
1418 2072 1591 2112 lacunis
1620 2071 1683 2111 la·

202 2127 324 2168 borat
354 2131 410 2180 (e.
438 2143 504 2183 qr.
527 2128 560 2179 I,
584 2129 757 2180 6—15).
816 2129 1045 2169 Librorum
1085 2128 1124 2167 V.
1156 2134 1193 2167 et
1224 2128 1289 2168 VI.
1324 2128 1517 2168 ordinem
1547 2128 1684 2181 scrip-

202 2189 268 2223 tor
298 2185 479 2224 mutavit
501 2183 575 2236 (V,
610 2184 672 2223 11.
712 2184 778 2235 VI,
808 2184 846 2223 5.
889 2183 932 2235 V,
964 2184 1030 2224 30.
1076 2183 1118 2234 V,
1152 2183 1216 2223 12.
1250 2183 1312 2223 14.
1347 2181 1409 2222 15.
1443 2182 1506 2222 13.
1536 2181 1600 2233 VI,
1620 2184 1684 2233 4),

204 2239 416 2292 quaedam
448 2240 588 2279 omisit
618 2239 687 2291 (V,
719 2239 921 2290 33—41)‚
965 2238 1057 2279 alia
1086 2239 1135 2279 de
1166 2253 1243 2279 suo
1275 2238 1466 2288 addidit,
1505 2252 1556 2276 ea:
1595 2238 1687 2278 Vita

203 2293 393 2335 Barbati
414 2293 670 2348 plerumque
702 2300 843 2334 sumta
866 2294 941 2345 (V,
963 2294 1001 2334 ⁶2.
1026 2294 1075 2346 7,·
1118 2294 1183 2346 VI,
1203 2293 1230 2333 4
1255 2309 1306 2335 eoe
1328 2293 1489 2344 Beda),
1521 2307 1685 2334 necnon

203 2363 360 2389 novum
405 2351 596 2403 capitum
639 2350 825 2390 indicem
866 2349 975 2391 libro
1008 2349 1049 2390 V.
1073 2350 1317 2403 praemisit.
1381 2348 1548 2390 Codicis
1579 2349 1686 2390 noti-

203 2405 306 2445 tiam
337 2405 373 2445 b.
404 2419 456 2444 m.
486 2404 584 2446 Joh.
617 2405 778 2445 Merkel
806 2405 1075 2445 Bethmanno
1106 2405 1235 2445 dedit.

316 2460 502 2500 *Eodem
541 2467 734 2501 monente
769 2460 940 2500 Ystoria
977 2458 1371 2513 Langobardorum,
1412 2475 1440 2500 a
1481 2460 1516 2500 b.
1548 2475 1599 2500 m.
1633 2457 1687 2501 G.

206 2516 260 2555 H'.
282 2515 402 2556 Pertz
434 2515 651 2571 descripta
682 2531 732 2555 eas
759 2516 1006 2557 Annalibus
1035 2516 1302 2556 Placentinis
1335 2514 1563 2556 Gibellinis
1594 2514 1684 2554 cod.

204 2570 493 2612 Londinensis
518 2572 684 2612 Harlei.
708 2571 790 2612 Nr.
812 2571 920 2612 3678
951 2575 1009 2624 (v.
1034 2570 1114 2612 SS.
1137 2571 1301 2621 XVIII,
1324 2586 1373 2625 p.
1395 2570 1522 2620 409):
1552 2569 1686 2622 Igitur

204 2638 297 2664 cum
328 2626 658 2682 circumquaque
690 2653 741 2657 —
773 2626 1001 2681 subiugata
1030 2633 1103 2678 est,
1136 2627 1266 2666 Pauli
1295 2626 1451 2666 librum
1480 2624 1539 2675 II,
1577 2639 1683 2664 non-

205 2680 339 2720 nullis
377 2682 556 2733 omissis,
589 2683 770 2736 praebet
807 2697 858 2722 eac
901 2682 1042 2723 codice
1080 2681 1119 2721 A
1149 2680 1187 2722 5.
1219 2682 1244 2722 6
1282 2680 1406 2721 valde
1445 2678 1579 2720 simili
1615 2679 1682 2719 de-

203 2737 423 2790 scriptum.

1818 2939 1829 2943 ι

1836 2888 1852 2896 1
1839 2617 1852 2882 Λ.;.’-ὰ.ικὲ·η-ιοοι-Ἇιο
1840 2607 1843 2610 ’
