1852 3141
242 128 384 160 PAULI
411 126 640 159 HISTORIA
667 124 1110 158 LANGOBARDORUM.
1160 124 1253 157 LIB.
1283 124 1329 156 ΙΙ.
1481 124 1523 155 81

50 239 174 279 simas
204 237 467 291 pervenirent
511 236 691 278 divitias.
765 235 1026 291 Gepidorum
1065 249 1163 276 vero
1194 235 1252 276 ita
1294 249 1427 290 genus
1465 241 1528 276 est

50 294 330 344 deminutum,
370 298 416 333 ut
445 299 526 333 exa
564 291 631 333 illo
669 293 752 332 iani
783 298 970 346 tempore
1009 290 1117 331 ultra
1156 305 1240 331 non
1274 289 1524 332 habuerinth

52 363 193 402 regem
205 357 231 390 ¹.
279 347 363 389 Sed
385 349 568 389 universi
591 349 663 403 qui
684 362 902 403 superesse
924 345 1051 388 belloc
1074 353 1267 401 poterant
1286 346 1386 387 autd
1418 346 1525 386 Lan-

47 403 243 458 gobardis
285 403 463 444 subiecti
509 411 617 455 sunt,
655 410 746 444 aute
793 417 926 458 usque
960 401 1121 454 *hodie7
1166 402 1333 442 Hunnis
1378 413 1552 443 eorum'
1577 433 1585 443 .

46 460 225 514 patriam
246 458 570 514 possidentibus,
603 458 707 500 duro
729 460 904 512 imperio
927 458 1105 498 subiecti
1125 463 1312 512 gemunt.
1373 456 1527 498 Alboin

46 529 146 555 Vero
177 515 235 555 ita
265 514 528 569 praeclarum
557 514 679 568 longe
700 513 866 568 lateque
887 528 1040 553 nomen
1060 512 1311 567 percrebuit,
1355 520 1402 554 ut
1430 513 1528 555 hao-

48 577 170 612 tenus
193 571 318 611 etiam
346 577 431 610 tam
459 576 562 624 aput
581 568 895 610 Baioariorums
931 575 1099 623 gentem
1140 583 1351 624 quamque
1383 576 1423 610 et
1454 569 1526 611 Sa-

46 641 206 667 xonum
220 633 249 678 g,
272 625 345 667 sed
373 631 412 666 et
431 625 533 667 alios
555 624 744 665 eiusdem
763 623 930 678 linguae
951 623 1140 665 homines
1155 625 1170 649 ¹¹
1194 625 1280 664 eius
1301 623 1527 666 liberalitas

47 689 87 723 et
116 681 249 736 gloria
269 680 557 736 bellorumque
578 679 751 721 felicitas
783 686 822 720 et
841 680 974 719 virtus
1005 679 1066 719 ini
1108 693 1251 719 eorum
1273 679 1526 721 carminibus

48 736 279 778 celebretur
291 738 323 776 ¹³.
367 736 498 776 Arina
519 749 685 791 quoque
706 735 934 790 praecipua
955 733 1031 774 sub
1055 748 1102 775 co
1133 734 1335 776 fabricata
1363 735 1490 776 fuisse
1504 737 1526 789 ¹,

45 807 70 833 a
100 792 240 833 inultis
271 792 487 846 hucusque
517 797 756 831 narraturm.

333 848 685 896 EXPLICITn
721 847 924 895 LIBER
958 846 1224 895 PRIMUS.

211 979 534 1021 INCIPIUNTO
568 977 864 1020 CAPITULA
893 978 1051 1020 LIBRI
1083 977 1355 1020 SECUNDI.

72 1062 107 1101 1.
167 1060 388 1112 Quomodo
423 1058 695 1114 Langobardi
735 1058 932 1100 conducti
975 1073 999 1099 a
1033 1059 1207 1099 Nat-sete
1243 1058 1523 1101 chartolariolJ

167 1115 302 1157 eidem
324 1120 468 1156 contra
489 1114 650 1156 Gothos
681 1114 886 1155 auxilium
917 1117 1227 1170 praestiterunt.

42 1222 70 1255 a)
103 1223 174 1247 deest
208 1223 231 1248 G
256 1224 269 1247 1
304 1223 378 1257 (post
411 1223 497 1256 add).
531 1224 556 1248 2.
581 1224 606 1248 3.
630 1224 656 1250 4.
758 1222 787 1255 b)
820 1223 960 1248 habuerit
994 1222 1019 1247 G
1043 1223 1066 1246 1.
1093 1223 1119 1247 2.
1143 1222 1176 1253 4?
1210 1223 1358 1248 haberent
1389 1224 1415 1248 D
1441 1224 1466 1249 2.
1491 1224 1518 1250 3.

43 1262 69 1294 c)
90 1263 160 1287 deest
182 1263 206 1287 B
232 1264 255 1288 1.
338 1263 367 1294 d)
391 1263 428 1286 ad
451 1271 524 1288 corr.
550 1266 601 1287 aut
621 1263 643 1287 F
668 1264 699 1293 13
723 1269 748 1287 a.
773 1263 794 1286 F
818 1261 857 1288 ’2.
880 1263 907 1286 4.
932 1262 957 1287 G
981 1262 1070 1292 1-4;
1093 1262 1164 1285 deest
1187 1262 1208 1285 F
1222 1262 1247 1287 5.
1273 1261 1299 1287 G
1322 1263 1368 1287 5a.
1382 1262 1409 1289 b.
1429 1264 1521 1290 e.13.

43 1300 70 1333 e)
94 1305 123 1326 et
146 1301 180 1326 G.
261 1300 283 1334 f)
304 1302 524 1326 Bavoariorum
547 1302 573 1326 A
596 1301 640 1331 '33
662 1302 877 1326 Baiuariorum
900 1302 922 1325 F
942 1303 972 1331 13
995 1301 1229 1325 Baiuvariorum
1254 1300 1276 1326 C
1299 1299 1337 1326 ’1.
1364 1302 1389 1327 G
1413 1303 1441 1326 in
1460 1303 1525 1334 pri-

43 1341 139 1365 oribus
160 1341 240 1365 librls
261 1344 432 1366 constanter.
524 1340 554 1371 g)
578 1340 727 1365 Saxonum
749 1340 773 1365 A
799 1342 824 1365 1.
849 1341 878 1371 33
907 1340 1098 1365 Saxonorum
1120 1340 1142 1363 F
1167 1341 1190 1364 1.
1214 1339 1239 1364 G
1262 1342 1287 1364 1.
1309 1341 1336 1366 3.
1419 1341 1449 1374 11)
1473 1343 1522 1367 ho-

42 1380 132 1403 minis
155 1380 177 1403 F
202 1381 226 1404 1.
252 1379 277 1404 G
301 1381 324 1405 1.
414 1381 436 1411 i)
460 1380 531 1404 deest
552 1381 576 1404 B
601 1381 625 1405 2.
708 1379 739 1412 k)
763 1380 894 1404 celebret
922 1380 943 1403 F
968 1381 994 1403 1.
1018 1378 1044 1404 G
1069 1380 1092 1404 1.
1173 1378 1195 1410 l)
1219 1380 1326 1405 fuisset
1348 1381 1370 1404 F
1393 1382 1419 1406 1.
1445 1381 1470 1406 Gr
1495 1383 1520 1407 1.

41 1417 81 1449 m)
105 1421 267 1443 narrantur
289 1419 310 1443 C
334 1419 359 1443 1.
384 1419 405 1442 F
429 1420 454 1444 ⁴2.
479 1419 504 1444 G
527 1418 570 1444 50.
653 1417 684 1450 n)
704 1419 856 1443 Historiae
886 1418 1022 1449 Langob.
1055 1417 1135 1448 expl.
1158 1417 1184 1442 A
1207 1419 1233 1443 3.
1255 1419 1288 1448 43
1319 1420 1365 1443 De
1395 1419 1522 1445 historia

41 1457 138 1487 Lang.
162 1458 242 1488 expl.
265 1457 334 1488 1⁰53
357 1458 374 1482 1.
399 1458 523 1489 primus,
541 1461 606 1489 post
627 1458 693 1482 add.
717 1459 822 1482 istorio
845 1458 980 1488 Langob.
1004 1458 1030 1481 D
1055 1458 1085 1487 13
1108 1457 1190 1481 Finit
1212 1457 1289 1482 liber
1310 1459 1424 1489 primus
1447 1460 1520 1491 D23

41 1497 106 1520 haec
128 1497 257 1520 omittunt
280 1497 300 1520 F
316 1498 340 1521 1.
356 1496 381 1520 G
395 1498 420 1522 3..
434 1497 461 1529 4,
484 1497 541 1522 alii.
605 1502 633 1528 os)
658 1497 769 1528 Incipit
791 1497 827 1522 de
851 1497 978 1521 historia
1000 1496 1134 1527 capitula
1147 1497 1165 1521 1.
1180 1503 1202 1521 s.
1216 1496 1286 1527 A23
1311 1498 1477 1529 capituliD
1496 1500 1520 1523 l.

42 1535 162 1559 Iudicem
195 1536 323 1560 omittunt
345 1535 369 1559 A
393 1533 432 1561 ⁴2.
457 1537 482 1561 6.
508 1537 530 1560 Β
555 1536 599 1560 211.
632 1537 654 1560 E
677 1537 703 1561 4.
727 1536 760 1561 F.
786 1536 810 1561 G
834 1536 880 1560 5b.
902 1536 915 1560 Ι
939 1537 970 1562 2:
993 1536 1097 1559 codices
1122 1534 1144 1560 G
1172 1536 1196 1559 1.
1221 1536 1247 1560 2.
1271 1536 1296 1560 3.
1320 1537 1346 1560 4.
1372 1536 1410 1563 ’5.
1435 1538 1519 1564 5a.c.

40 1574 81 1598 ica
104 1574 242 1599 exhibent:
268 1576 292 1600 1.
316 1575 361 1599 Dc
385 1582 419 1600 eo
443 1575 522 1605 quod
543 1575 654 1599 Narses
677 1575 822 1606 patricius
847 1576 964 1605 legatos
977 1575 1015 1598 acl
1045 1574 1159 1598 Albuin
1182 1575 1294 1606 dirigit,
1319 1578 1468 1606 quatenus
1492 1578 1520 1601 ei

38 1616 243 1644 pugnaturum
266 1613 350 1646 (—-ro
373 1614 401 1645 12)
425 1621 491 1637 eum
515 1614 620 1638 Gothis
642 1614 793 1638 auxilium
816 1615 1017 1643 ministraret3
1048 1616 1077 1637 et
1100 1614 1136 1637 de
1168 1617 1263 1638 inortc
1286 1615 1406 1641 Totilae
1429 1617 1519 1646 regis,

39 1652 65 1677 2.
89 1653 135 1677 De
158 1659 192 1676 eo
215 1653 294 1683 quod
317 1653 503 1677 Buccillinus
526 1655 554 1677 et
576 1652 725 1683 Amingus
756 1652 889 1685 (Einingi
915 1654 944 1683 1;
984 1652 1147 1682 Hemming
1169 1653 1196 1678 2»
1220 1653 1406 1678 Francorum
1429 1655 1519 1680 duces

38 1697 55 1716 a
77 1691 202 1715 Narsete
226 1691 363 1723 (Nersetc
386 1690 413 1722 2)
447 1692 591 1723 superati,
625 1692 749 1716 extincti
772 1694 851 1718 sunt.
905 1692 932 1716 3.
956 1692 1013 1715 Hic
1035 1692 1155 1723 Narses,
1186 1695 1326 1723 superato
1350 1692 1519 1719 Sindualdo

39 1730 87 1763 (—
111 1730 207 1754 waldo
229 1728 257 1761 2)
281 1737 361 1762 rege,
385 1731 466 1755 celsa
488 1738 556 1755 eum
579 1731 616 1756 de
645 1731 728 1764 (deest
751 1732 777 1756 2.
801 1730 830 1762 4)
853 1731 936 1755 trabe
958 1731 1125 1762 suspendit.
1175 1731 1203 1756 4.
1227 1732 1272 1756 De
1294 1732 1391 1761 signis
1413 1736 1521 1758 morta-

38 1769 131 1793 litatis
154 1769 185 1793 in
208 1769 308 1801 Italia,
330 1772 359 1793 ct
381 1770 417 1795 de
441 1772 533 1794 morte
556 1770 719 1794 Iustiniani
751 1771 871 1801 augusti
894 1772 922 1795 et
952 1770 1079 1801 imperio
1109 1770 1229 1795 Iustiui.
1279 1771 1306 1796 5.
1331 1772 1376 1796 Do
1399 1778 1519 1797 accusa-

38 1808 129 1840 tione,
170 1815 229 1839 qua
258 1808 387 1833 Romani
425 1809 584 1834 Narsetem
617 1810 732 1834 Iustino
763 1812 791 1833 et
821 1810 884 1834 eius
915 1810 1036 1839 coniugi
1070 1808 1203 1839 Sophiae
1233 1809 1388 1842 fecerunt⁷
1420 1814 1448 1835 et
1481 1812 1517 1836 dc

36 1846 244 1877 Langobardis
275 1847 311 1872 ad
341 1848 462 1872 Italiam
492 1848 637 1874 invitatis.
686 1849 711 1874 6.
734 1849 779 1873 De
803 1855 837 1873 eo
870 1849 950 1879 quod
979 1848 1092 1873 Albuin
1115 1848 1235 1872 Italiam
1265 1849 1457 1880 profecturus
1480 1850 1517 1875 ab

37 1887 141 1910 amicis
174 1887 236 1911 suis
265 1887 373 1911 vetulis
396 1886 567 1911 saxonibus
596 1888 743 1912 auxilium
770 1888 853 1919 petit,
883 1895 949 1912 cum
973 1895 1031 1917 quo
1054 1890 1082 1911 et
1104 1888 1172 1918 plus
1194 1894 1285 1918 quam
1308 1888 1411 1921 (quain
1434 1892 1462 1914 et
1487 1888 1515 1922 3)

35 1926 145 1956 viginti
167 1926 252 1950 milia
272 1929 428 1951 venerunt.
473 1927 497 1951 7.
522 1927 578 1951 Hic
608 1927 713 1951 relicta
734 1927 929 1957 Langobardi
951 1927 1089 1951 Panonii
1113 1930 1141 1951 et
1164 1928 1374 1952 commendata
1396 1929 1516 1953 Hunnis

37 1964 147 1998 (Hunis
172 1966 201 1995 23
225 1965 357 1989 Huinnis
380 1964 408 1996 23>
433 1965 555 1989 [taliam
577 1968 743 1997 properant
764 1967 942 1997 possessuri.
986 1966 1012 1990 8.
1036 1966 1093 1990 Hic
1116 1966 1264 1990 adventus
1288 1967 1366 1997 regis
1389 1968 1515 1992 Albuini

35 2003 83 2037 (A.
108 2011 130 2029 r.
154 2004 179 2029 3.
203 2003 232 2035 4)
256 2004 293 2028 ad
317 2003 398 2037 (deest
421 2004 450 2033 ⁴2)
474 2007 607 2030 montem
629 2005 720 2036 Regis
744 2005 834 2038 (regii
858 2004 894 2036 3).
939 2004 966 2036 9)
990 2005 1036 2030 De
1060 2012 1093 2029 eo
1124 2005 1203 2035 quod
1225 2005 1339 2030 Albuin
1362 2007 1393 2030 in
1416 2010 1513 2032 castro

34 2043 183 2067 Foroiulii
207 2042 367 2076 (Foraiulii
392 2044 421 2073 15
444 2042 639 2069 Foroiulo'5.
663 2043 711 2075 5a)
736 2044 918 2075 Gisulphum
942 2044 988 2076 (—
1013 2043 1075 2068 fum
1099 2044 1124 2070 2.
1147 2044 1172 2069 3.
1197 2043 1226 2076 4)
1252 2048 1393 2075 nepotem
1417 2053 1514 2078 suurn⁷

37 2082 87 2113 qui
111 2082 174 2106 eius
197 2084 306 2106 strator
329 2084 401 2114 erat,
425 2082 530 2107 ducem
563 2083 727 2109 constituit.
779 2084 823 2109 10.
847 2084 892 2108 De
915 2085 1010 2108 morte
1039 2082 1210 2107 Chlotharii
1242 2084 1357 2115 (Hloth.
1382 2083 1410 2116 2)
1435 2086 1515 2116 regis

36 2120 230 2153 Francorum,
253 2123 282 2145 et
304 2121 367 2145 eius
391 2128 518 2151 regnum
542 2122 728 2153 quadrifarie
761 2123 891 2147 divisum
923 2122 1029 2155 (regno
1052 2129 1080 2152 q.
1112 2122 1210 2147 diviso
1234 2123 1260 2147 2.
1286 2122 1322 2147 ’5.
1346 2123 1405 2155 aa),
1429 2126 1457 2148 et
1479 2125 1515 2149 de

35 2158 116 2183 bello
140 2159 215 2192 (eius
238 2160 264 2184 b.
289 2160 314 2184 3.
339 2159 388 2191 4¹2²)
418 2160 549 2186 Avarum
582 2162 613 2185 in
642 2162 776 2186 Francos
805 2162 912 2186 inlato.
962 2162 1006 2186 11.
1030 2162 1075 2185 De
1098 2164 1194 2187 morte
1222 2162 1357 2187 Narsetis
1384 2163 1516 2194 patricii.

38 2198 82 2222 12.
108 2197 192 2227 Quod
215 2205 267 2223 rex
289 2198 402 2223 Albuin
428 2200 524 2224 Felici
555 2201 696 2232 episcopo
727 2201 907 2225 Tarvisiano
938 2207 1041 2225 omnes
1071 2200 1233 2225 facultates
1264 2201 1414 2227 ecclesiae
1448 2209 1516 2227 con-

38 2237 138 2261 cessit.
182 2237 225 2261 13.
239 2237 284 2261 Dc
298 2243 332 2262 eo
346 2238 424 2268 quod
436 2239 617 2263 Fortunatus
630 2240 660 2264 in
674 2242 736 2264 arte
749 2240 948 2270 grammatica
959 2240 1023 2264 sive
1037 2240 1188 2264 rethorica
1209 2247 1263 2265 seu
1286 2241 1412 2265 metrica
1435 2241 1516 2274 (geo-

37 2275 163 2300 metrica
185 2273 212 2307 3)
243 2276 427 2300 clarissimus
450 2278 559 2302 extitit.
605 2279 648 2303 14.
672 2279 719 2304 De
742 2286 778 2303 eo
810 2279 890 2309 quod
916 2278 1030 2303 Albuin
1059 2279 1164 2309 paucis
1193 2280 1328 2310 exceptis
1358 2282 1435 2305 totas
1458 2281 1515 2305 Vc-

36 2314 138 2339 netiae
151 2314 265 2344 primie
278 2315 454 2345 provinciae
468 2316 606 2341 civitates
630 2316 714 2349 (corr.
727 2318 850 2342 civitate
864 2316 892 2349 2)
915 2318 1025 2349 coepit.
1071 2317 1173 2342 15.De
1196 2319 1329 2343 secunda
1352 2319 1513 2350 provincia

36 2353 162 2383 Liguria
184 2355 214 2377 et
235 2353 271 2378 de
293 2352 375 2385 (deest
404 2353 433 2385 4)
456 2354 545 2379 Retia
575 2354 660 2387 (Reci
683 2355 711 2388 3)
742 2357 841 2388 prima
869 2359 899 2382 ct
930 2357 1018 2381 Retia
1047 2357 1190 2381 secunda.
1241 2358 1287 2382 16.
1310 2358 1358 2382 De
1383 2357 1513 2389 Alpibus

36 2392 204 2418 Cotti-‘trum
227 2391 396 2422 (Gotiarum
421 2394 444 2417 l.
470 2393 496 2418 3.
518 2392 548 2425 4)
572 2397 601 2418 et
627 2395 737 2419 'ruscia
761 2395 879 2428 (Tustia
903 2394 940 2427 l).
986 2396 1030 2420 17.
1054 2396 1100 2420 De
1124 2396 1292 2426 Campania
1315 2400 1344 2421 et
1364 2396 1511 2421 Lucania.

38 2431 82 2456 18.
107 2431 151 2455 De
174 2430 301 2461 Alpibus
324 2429 493 2461 Apenninis
525 2431 610 2464 (corr.
634 2433 782 2464 Apeninis
805 2433 833 2466 2)
857 2436 886 2458 et
914 2434 1037 2459 nmilia.
1083 2434 1127 2459 19.
1151 2435 1196 2458 De
1224 2435 1409 2459 Flamminia
1433 2435 1514 2467 (Fla-

36 2470 131 2494 minia
154 2469 179 2495 3.
203 2469 232 2501 4)
257 2472 285 2494 et
305 2469 452 2494 Picenum
473 2470 599 2503 (i’iecnu
624 2473 652 2501 13
676 2473 787 2497 Piceno
812 2472 888 2499 2.·5.
913 2471 974 2504 5η),
1019 2473 1063 2497 20.
1090 2473 1134 2496 Dc
1156 2473 1281 2498 Valeria
1302 2476 1330 2498 ct
1352 2473 1510 2499 Samnium

38 2507 173 2541 (Samnio
197 2507 236 2533 ’5,
261 2507 320 2540 511).
374 2510 419 2534 21.
443 2510 488 2534 Dc
511 2509 622 2541 Apulia
645 2510 781 2544 (Apullia
810 2513 836 2538 1.
859 2510 887 2543 3)
922 2514 950 2535 et
973 2511 1088 2536 Sicilia.
1132 2512 1179 2538 22.
1204 2512 1248 2536 De
1282 2511 1405 2537 Corsica
1426 2516 1455 2537 et
1477 2513 1512 2538 de

36 2546 180 2573 Sardinia
203 2546 243 2581 (ct
265 2546 373 2572 San-dia
395 2546 434 2580 4).
478 2548 523 2573 23.
548 2548 633 2578 Quod
665 2550 803 2575 Brennus
836 2550 987 2582 (Brennus
1014 2554 1078 2581 pose
1110 2558 1184 2576 corr.
1218 2552 1355 2576 Brennus
1379 2553 1411 2581 13
1444 2553 1515 2577 Bre-

36 2593 144 2611 munus
168 2586 202 2617 33
234 2587 402 2611 l'remunus
425 2586 452 2617 4)
487 2594 538 2612 rex
570 2588 722 2619 quondam
745 2589 904 2614 Gallorum
927 2597 992 2613 cum
1015 2589 1151 2614 tricentis
1184 2590 1308 2615 milibus
1330 2590 1367 2615 ad
1390 2591 1513 2615 Italiam

35 2626 161 2650 venerit.
225 2626 269 2650 24.
293 2626 379 2655 Quod
402 2626 494 2650 Italia
525 2630 553 2651 ct
576 2626 711 2652 Ausonia
744 2631 773 2654 et
801 2629 920 2653 Latium
943 2628 1080 2661 (Laciuni
1107 2628 1132 2661 l)
1166 2629 1323 2654 vocitetur.
1387 2630 1432 2656 25.
1457 2630 1512 2655 Ubi

36 2663 149 2689 Albuin
172 2664 327 2695 Liguriam
359 2665 504 2692 introivit.
555 2667 600 2691 26.
625 2667 668 2691 De
697 2674 732 2692 eo
765 2667 844 2698 quod
867 2668 1039 2693 'riciuensis
1072 2668 1178 2692 civitas
1208 2675 1261 2699 per
1288 2669 1453 2694 triennium
1475 2670 1515 2695 sit

42 2750 77 2794 1)
104 2752 202 2786 Ilaec
229 2764 270 2785 eas·
302 2752 396 2797 Oriy.
