<?xml version="1.0" encoding="UTF-8"?>
<!DOCTYPE html PUBLIC "-//W3C//DTD XHTML 1.0 Transitional//EN"
    "http://www.w3.org/TR/xhtml1/DTD/xhtml1-transitional.dtd">
<html xmlns="http://www.w3.org/1999/xhtml" xml:lang="en" lang="en">
 <head>
  <title>
</title>
<meta http-equiv="Content-Type" content="text/html;charset=utf-8" />
  <meta name='ocr-system' content='tesseract 3.04.00' />
  <meta name='ocr-capabilities' content='ocr_page ocr_carea ocr_par ocr_line ocrx_word'/>
</head>
<body>
  <div class='ocr_page' id='page_1' title='image "./paulihistorialan00paul_0074.png"; bbox 0 0 1852 3141; ppageno 0'>
   <div class='ocr_carea' id='block_1_1' title="bbox 295 97 1588 131">
    <p class='ocr_par' dir='ltr' id='par_1_1' title="bbox 295 97 1588 131">
     <span class='ocr_line' id='line_1_1' title="bbox 295 97 1588 131; baseline -0.002 0"><span class='ocrx_word' id='word_1_1' title='bbox 295 100 341 131; x_wconf 80' lang='grc'>66</span> <span class='ocrx_word' id='word_1_2' title='bbox 511 98 657 131; x_wconf 78' lang='lat' dir='ltr'><strong>PAULI</strong></span> <span class='ocrx_word' id='word_1_3' title='bbox 685 98 915 131; x_wconf 82' lang='lat' dir='ltr'>HISTORIA</span> <span class='ocrx_word' id='word_1_4' title='bbox 942 97 1385 131; x_wconf 68' lang='lat' dir='ltr'>LANGOBARDORUM.</span> <span class='ocrx_word' id='word_1_5' title='bbox 1438 97 1531 129; x_wconf 84' lang='lat' dir='ltr'>LIB.</span> <span class='ocrx_word' id='word_1_6' title='bbox 1562 98 1588 129; x_wconf 96' lang='lat' dir='ltr'>I.</span> 
     </span>
    </p>
   </div>
   <div class='ocr_carea' id='block_1_2' title="bbox 294 208 1792 1823">
    <p class='ocr_par' dir='ltr' id='par_1_2' title="bbox 294 208 1792 1823">
     <span class='ocr_line' id='line_1_2' title="bbox 296 208 1787 265; baseline 0 -15"><span class='ocrx_word' id='word_1_7' title='bbox 296 210 541 250; x_wconf 81' lang='lat' dir='ltr'>comitatum</span> <span class='ocrx_word' id='word_1_8' title='bbox 582 209 811 263; x_wconf 79' lang='lat' dir='ltr'>aspiciens,</span> <span class='ocrx_word' id='word_1_9' title='bbox 842 208 1092 261; x_wconf 83' lang='lat' dir='ltr'>interrogat,</span> <span class='ocrx_word' id='word_1_10' title='bbox 1133 209 1226 262; x_wconf 84' lang='lat' dir='ltr'>quis</span> <span class='ocrx_word' id='word_1_11' title='bbox 1262 209 1338 249; x_wconf 87' lang='lat' dir='ltr'>iste</span> <span class='ocrx_word' id='word_1_12' title='bbox 1369 223 1458 249; x_wconf 84' lang='lat' dir='ltr'>esse</span> <span class='ocrx_word' id='word_1_13' title='bbox 1490 209 1672 264; x_wconf 59' lang='lat' dir='ltr'>possita,</span> <span class='ocrx_word' id='word_1_14' title='bbox 1714 211 1787 265; x_wconf 91' lang='lat' dir='ltr'>qui</span> 
     </span>
     <span class='ocr_line' id='line_1_3' title="bbox 294 262 1788 318; baseline 0.001 -13"><span class='ocrx_word' id='word_1_15' title='bbox 294 271 380 306; x_wconf 86' lang='lat' dir='ltr'>tam</span> <span class='ocrx_word' id='word_1_16' title='bbox 408 264 586 305; x_wconf 88' lang='lat' dir='ltr'>sublime</span> <span class='ocrx_word' id='word_1_17' title='bbox 608 264 859 317; x_wconf 71' lang='lat' dir='ltr'>obsequium</span> <span class='ocrx_word' id='word_1_18' title='bbox 880 262 1065 303; x_wconf 86' lang='lat' dir='ltr'>haberet.</span> <span class='ocrx_word' id='word_1_19' title='bbox 1116 262 1376 318; x_wconf 86' lang='lat' dir='ltr'>Dictumque</span> <span class='ocrx_word' id='word_1_20' title='bbox 1398 264 1481 304; x_wconf 85' lang='lat' dir='ltr'>illib</span> <span class='ocrx_word' id='word_1_21' title='bbox 1505 272 1587 317; x_wconf 86' lang='lat' dir='ltr'>cst,</span> <span class='ocrx_word' id='word_1_22' title='bbox 1619 265 1788 306; x_wconf 84' lang='lat' dir='ltr'>Rodulfi</span> 
     </span>
     <span class='ocr_line' id='line_1_4' title="bbox 296 318 1788 375; baseline 0.001 -14"><span class='ocrx_word' id='word_1_23' title='bbox 296 321 408 375; x_wconf 85' lang='lat' dir='ltr'>regis</span> <span class='ocrx_word' id='word_1_24' title='bbox 430 334 679 374; x_wconf 82' lang='lat' dir='ltr'>germanum</span> <span class='ocrx_word' id='word_1_25' title='bbox 700 318 935 372; x_wconf 79' lang='lat' dir='ltr'>lcgationc⁰</span> <span class='ocrx_word' id='word_1_26' title='bbox 966 318 1185 372; x_wconf 88' lang='lat' dir='ltr'>perfuncta</span> <span class='ocrx_word' id='word_1_27' title='bbox 1210 320 1388 373; x_wconf 87' lang='lat' dir='ltr'>patriam</span> <span class='ocrx_word' id='word_1_28' title='bbox 1420 320 1596 375; x_wconf 83' lang='lat' dir='ltr'>regredi.</span> <span class='ocrx_word' id='word_1_29' title='bbox 1658 321 1788 363; x_wconf 81' lang='lat' dir='ltr'>Mittit</span> 
     </span>
     <span class='ocr_line' id='line_1_5' title="bbox 295 374 1784 430; baseline 0.001 -14"><span class='ocrx_word' id='word_1_30' title='bbox 295 375 478 430; x_wconf 71' lang='lat' dir='ltr'>puollad,</span> <span class='ocrx_word' id='word_1_31' title='bbox 510 375 701 429; x_wconf 86' lang='lat' dir='ltr'>quicum</span> <span class='ocrx_word' id='word_1_32' title='bbox 734 374 944 424; x_wconf 86' lang='lat' dir='ltr'>invitaret,</span> <span class='ocrx_word' id='word_1_33' title='bbox 978 380 1045 413; x_wconf 85' lang='lat' dir='ltr'>ute</span> <span class='ocrx_word' id='word_1_34' title='bbox 1073 374 1159 413; x_wconf 83' lang='lat' dir='ltr'>vini</span> <span class='ocrx_word' id='word_1_35' title='bbox 1182 374 1381 429; x_wconf 90' lang='lat' dir='ltr'>poculum</span> <span class='ocrx_word' id='word_1_36' title='bbox 1413 376 1656 430; x_wconf 78' lang='lat' dir='ltr'>dignaretur</span> <span class='ocrx_word' id='word_1_37' title='bbox 1676 379 1784 418; x_wconf 78' lang='lat' dir='ltr'>acci-</span> 
     </span>
     <span class='ocr_line' id='line_1_6' title="bbox 295 427 1786 488; baseline 0.001 -16"><span class='ocrx_word' id='word_1_38' title='bbox 295 446 408 486; x_wconf 88' lang='lat' dir='ltr'>pere.</span> <span class='ocrx_word' id='word_1_39' title='bbox 467 429 559 470; x_wconf 75' lang='lat' dir='ltr'>illes</span> <span class='ocrx_word' id='word_1_40' title='bbox 596 428 721 470; x_wconf 87' lang='lat' dir='ltr'>corde</span> <span class='ocrx_word' id='word_1_41' title='bbox 753 427 947 483; x_wconf 76' lang='lat' dir='ltr'>simplici,</span> <span class='ocrx_word' id='word_1_42' title='bbox 979 436 1025 470; x_wconf 89' lang='lat' dir='ltr'>ut</span> <span class='ocrx_word' id='word_1_43' title='bbox 1055 429 1253 470; x_wconf 80' lang='lat' dir='ltr'>invitatus</span> <span class='ocrx_word' id='word_1_44' title='bbox 1274 430 1421 483; x_wconf 87' lang='lat' dir='ltr'>fuerat,</span> <span class='ocrx_word' id='word_1_45' title='bbox 1451 433 1584 485; x_wconf 66' lang='lat' dir='ltr'>venit,</span> <span class='ocrx_word' id='word_1_46' title='bbox 1617 440 1657 473; x_wconf 90' lang='lat' dir='ltr'>ct</span> <span class='ocrx_word' id='word_1_47' title='bbox 1687 433 1786 488; x_wconf 89' lang='lat' dir='ltr'>quia</span> 
     </span>
     <span class='ocr_line' id='line_1_7' title="bbox 296 483 1783 543; baseline 0.001 -16"><span class='ocrx_word' id='word_1_48' title='bbox 296 492 384 528; x_wconf 87' lang='lat' dir='ltr'>erat</span> <span class='ocrx_word' id='word_1_49' title='bbox 414 491 573 526; x_wconf 86' lang='lat' dir='ltr'>statura</span> <span class='ocrx_word' id='word_1_50' title='bbox 602 483 793 540; x_wconf 89' lang='lat' dir='ltr'>pusillus,</span> <span class='ocrx_word' id='word_1_51' title='bbox 825 499 922 525; x_wconf 88' lang='lat' dir='ltr'>eum</span> <span class='ocrx_word' id='word_1_52' title='bbox 952 484 1090 526; x_wconf 74' lang='lat' dir='ltr'>fastug</span> <span class='ocrx_word' id='word_1_53' title='bbox 1121 485 1344 540; x_wconf 80' lang='lat' dir='ltr'>superbiae</span> <span class='ocrx_word' id='word_1_54' title='bbox 1380 486 1517 540; x_wconf 85' lang='lat' dir='ltr'>puella</span> <span class='ocrx_word' id='word_1_55' title='bbox 1549 488 1783 543; x_wconf 84' lang='lat' dir='ltr'>despexit¹¹,</span> 
     </span>
     <span class='ocr_line' id='line_1_8' title="bbox 295 540 1783 597; baseline 0.001 -15"><span class='ocrx_word' id='word_1_56' title='bbox 295 542 513 596; x_wconf 79' lang='lat' dir='ltr'>verbaque</span> <span class='ocrx_word' id='word_1_57' title='bbox 535 541 759 582; x_wconf 82' lang='lat' dir='ltr'>adversusi</span> <span class='ocrx_word' id='word_1_58' title='bbox 794 555 890 582; x_wconf 89' lang='lat' dir='ltr'>eum</span> <span class='ocrx_word' id='word_1_59' title='bbox 922 541 1117 582; x_wconf 86' lang='lat' dir='ltr'>inrisoria</span> <span class='ocrx_word' id='word_1_60' title='bbox 1148 540 1334 597; x_wconf 89' lang='lat' dir='ltr'>protulit.</span> <span class='ocrx_word' id='word_1_61' title='bbox 1394 542 1452 582; x_wconf 90' lang='lat' dir='ltr'>At</span> <span class='ocrx_word' id='word_1_62' title='bbox 1481 542 1549 583; x_wconf 88' lang='lat' dir='ltr'>ille</span> <span class='ocrx_word' id='word_1_63' title='bbox 1580 558 1783 584; x_wconf 88' lang='lat' dir='ltr'>verecun-</span> 
     </span>
     <span class='ocr_line' id='line_1_9' title="bbox 295 596 1783 652; baseline 0.003 -16"><span class='ocrx_word' id='word_1_64' title='bbox 295 596 366 637; x_wconf 79' lang='lat' dir='ltr'>dia</span> <span class='ocrx_word' id='word_1_65' title='bbox 404 597 562 652; x_wconf 88' lang='lat' dir='ltr'>pariter</span> <span class='ocrx_word' id='word_1_66' title='bbox 592 602 634 637; x_wconf 90' lang='lat' dir='ltr'>et</span> <span class='ocrx_word' id='word_1_67' title='bbox 669 596 957 651; x_wconf 79' lang='lat' dir='ltr'>indignatione</span> <span class='ocrx_word' id='word_1_68' title='bbox 988 597 1196 652; x_wconf 73' lang='lat' dir='ltr'>perfusus,</span> <span class='ocrx_word' id='word_1_69' title='bbox 1238 596 1336 637; x_wconf 89' lang='lat' dir='ltr'>talia</span> <span class='ocrx_word' id='word_1_70' title='bbox 1374 612 1520 639; x_wconf 87' lang='lat' dir='ltr'>rursus</span> <span class='ocrx_word' id='word_1_71' title='bbox 1561 598 1693 640; x_wconf 85' lang='lat' dir='ltr'>verba</span> <span class='ocrx_word' id='word_1_72' title='bbox 1722 614 1783 640; x_wconf 91' lang='lat' dir='ltr'>re-</span> 
     </span>
     <span class='ocr_line' id='line_1_10' title="bbox 295 651 1784 707; baseline 0.002 -15"><span class='ocrx_word' id='word_1_73' title='bbox 295 652 487 705; x_wconf 79' lang='lat' dir='ltr'>spondit,</span> <span class='ocrx_word' id='word_1_74' title='bbox 541 666 649 707; x_wconf 86' lang='lat' dir='ltr'>quae</span> <span class='ocrx_word' id='word_1_75' title='bbox 693 651 971 707; x_wconf 70' lang='lat' dir='ltr'>amplioremk</span> <span class='ocrx_word' id='word_1_76' title='bbox 1023 652 1187 707; x_wconf 88' lang='lat' dir='ltr'>puellae</span> <span class='ocrx_word' id='word_1_77' title='bbox 1233 653 1519 694; x_wconf 86' lang='lat' dir='ltr'>confusionem</span> <span class='ocrx_word' id='word_1_78' title='bbox 1561 654 1784 696; x_wconf 83' lang='lat' dir='ltr'>adferrent.</span> 
     </span>
     <span class='ocr_line' id='line_1_11' title="bbox 295 707 1785 762; baseline 0.003 -15"><span class='ocrx_word' id='word_1_79' title='bbox 295 707 418 748; x_wconf 87' lang='lat' dir='ltr'>Tunc</span> <span class='ocrx_word' id='word_1_80' title='bbox 449 707 517 748; x_wconf 87' lang='lat' dir='ltr'>illa</span> <span class='ocrx_word' id='word_1_81' title='bbox 547 708 687 750; x_wconf 88' lang='lat' dir='ltr'>furore</span> <span class='ocrx_word' id='word_1_82' title='bbox 718 708 896 750; x_wconf 85' lang='lat' dir='ltr'>femineo</span> <span class='ocrx_word' id='word_1_83' title='bbox 929 722 1143 762; x_wconf 84' lang='lat' dir='ltr'>succensa,</span> <span class='ocrx_word' id='word_1_84' title='bbox 1174 707 1383 749; x_wconf 87' lang='lat' dir='ltr'>dolorem¹</span> <span class='ocrx_word' id='word_1_85' title='bbox 1423 709 1560 750; x_wconf 87' lang='lat' dir='ltr'>cordis</span> <span class='ocrx_word' id='word_1_86' title='bbox 1591 709 1785 752; x_wconf 83' lang='lat' dir='ltr'>cohibere</span> 
     </span>
     <span class='ocr_line' id='line_1_12' title="bbox 295 762 1786 820; baseline 0.001 -17"><span class='ocrx_word' id='word_1_87' title='bbox 295 778 381 820; x_wconf 87' lang='lat' dir='ltr'>non</span> <span class='ocrx_word' id='word_1_88' title='bbox 411 762 576 816; x_wconf 86' lang='lat' dir='ltr'>valens,</span> <span class='ocrx_word' id='word_1_89' title='bbox 607 763 743 805; x_wconf 86' lang='lat' dir='ltr'>scelus</span> <span class='ocrx_word' id='word_1_90' title='bbox 766 764 880 819; x_wconf 91' lang='lat' dir='ltr'>quod</span> <span class='ocrx_word' id='word_1_91' title='bbox 901 771 1039 805; x_wconf 88' lang='lat' dir='ltr'>mente</span> <span class='ocrx_word' id='word_1_92' title='bbox 1061 765 1332 819; x_wconf 83' lang='lat' dir='ltr'>conciperatm</span> <span class='ocrx_word' id='word_1_93' title='bbox 1365 764 1536 820; x_wconf 87' lang='lat' dir='ltr'>explere</span> <span class='ocrx_word' id='word_1_94' title='bbox 1559 765 1786 807; x_wconf 78' lang='lat' dir='ltr'>contendit.</span> 
     </span>
     <span class='ocr_line' id='line_1_13' title="bbox 298 818 1787 876; baseline 0.001 -16"><span class='ocrx_word' id='word_1_95' title='bbox 298 818 480 861; x_wconf 79' lang='lat' dir='ltr'>Simulat</span> <span class='ocrx_word' id='word_1_96' title='bbox 508 820 767 874; x_wconf 86' lang='lat' dir='ltr'>patientiam,</span> <span class='ocrx_word' id='word_1_97' title='bbox 799 819 961 862; x_wconf 87' lang='lat' dir='ltr'>vultum</span> <span class='ocrx_word' id='word_1_98' title='bbox 993 819 1211 874; x_wconf 81' lang='lat' dir='ltr'>exhilarat,</span> <span class='ocrx_word' id='word_1_99' title='bbox 1242 835 1422 876; x_wconf 82' lang='lat' dir='ltr'>eumque</span> <span class='ocrx_word' id='word_1_100' title='bbox 1444 820 1614 862; x_wconf 83' lang='lat' dir='ltr'>verbisn</span> <span class='ocrx_word' id='word_1_101' title='bbox 1645 822 1787 862; x_wconf 89' lang='lat' dir='ltr'>iocun-</span> 
     </span>
     <span class='ocr_line' id='line_1_14' title="bbox 296 874 1787 932; baseline 0.001 -16"><span class='ocrx_word' id='word_1_102' title='bbox 296 875 485 916; x_wconf 89' lang='lat' dir='ltr'>dioribus</span> <span class='ocrx_word' id='word_1_103' title='bbox 523 874 806 929; x_wconf 80' lang='lat' dir='ltr'>demulcens0,</span> <span class='ocrx_word' id='word_1_104' title='bbox 838 876 891 917; x_wconf 88' lang='lat' dir='ltr'>ad</span> <span class='ocrx_word' id='word_1_105' title='bbox 931 875 1183 917; x_wconf 77' lang='lat' dir='ltr'>sedcnduml’</span> <span class='ocrx_word' id='word_1_106' title='bbox 1224 877 1387 929; x_wconf 83' lang='lat' dir='ltr'>invitat,</span> <span class='ocrx_word' id='word_1_107' title='bbox 1428 876 1586 932; x_wconf 88' lang='lat' dir='ltr'>talique</span> <span class='ocrx_word' id='word_1_108' title='bbox 1618 891 1713 918; x_wconf 88' lang='lat' dir='ltr'>eum</span> <span class='ocrx_word' id='word_1_109' title='bbox 1745 877 1787 917; x_wconf 90' lang='lat' dir='ltr'>in</span> 
     </span>
     <span class='ocr_line' id='line_1_15' title="bbox 296 932 1787 988; baseline 0 -15"><span class='ocrx_word' id='word_1_110' title='bbox 296 932 389 973; x_wconf 92' lang='lat' dir='ltr'>loco</span> <span class='ocrx_word' id='word_1_111' title='bbox 411 932 556 973; x_wconf 86' lang='lat' dir='ltr'>sedere</span> <span class='ocrx_word' id='word_1_112' title='bbox 585 933 812 985; x_wconf 86' lang='lat' dir='ltr'>constituit,</span> <span class='ocrx_word' id='word_1_113' title='bbox 844 947 926 988; x_wconf 89' lang='lat' dir='ltr'>quo</span> <span class='ocrx_word' id='word_1_114' title='bbox 948 933 1119 986; x_wconf 87' lang='lat' dir='ltr'>parietis</span> <span class='ocrx_word' id='word_1_115' title='bbox 1150 932 1395 973; x_wconf 73' lang='lat' dir='ltr'>fenestram‘l</span> <span class='ocrx_word' id='word_1_116' title='bbox 1427 933 1480 973; x_wconf 84' lang='lat' dir='ltr'>ad</span> <span class='ocrx_word' id='word_1_117' title='bbox 1502 932 1696 988; x_wconf 85' lang='lat' dir='ltr'>scapulas</span> <span class='ocrx_word' id='word_1_118' title='bbox 1718 933 1787 973; x_wconf 91' lang='lat' dir='ltr'>ha-</span> 
     </span>
     <span class='ocr_line' id='line_1_16' title="bbox 296 987 1785 1043; baseline -0.001 -13"><span class='ocrx_word' id='word_1_119' title='bbox 296 988 426 1030; x_wconf 88' lang='lat' dir='ltr'>beret.</span> <span class='ocrx_word' id='word_1_120' title='bbox 495 988 633 1040; x_wconf 82' lang='lat' dir='ltr'>Quam</span> <span class='ocrx_word' id='word_1_121' title='bbox 681 987 907 1029; x_wconf 85' lang='lat' dir='ltr'>fenestram</span> <span class='ocrx_word' id='word_1_122' title='bbox 954 989 1098 1043; x_wconf 78' lang='lat' dir='ltr'>quasir</span> <span class='ocrx_word' id='word_1_123' title='bbox 1139 988 1191 1030; x_wconf 89' lang='lat' dir='ltr'>ob</span> <span class='ocrx_word' id='word_1_124' title='bbox 1230 988 1406 1043; x_wconf 88' lang='lat' dir='ltr'>hospitis</span> <span class='ocrx_word' id='word_1_125' title='bbox 1448 988 1668 1041; x_wconf 83' lang='lat' dir='ltr'>honorem,</span> <span class='ocrx_word' id='word_1_126' title='bbox 1715 996 1785 1029; x_wconf 77' lang='lat' dir='ltr'>reS</span> 
     </span>
     <span class='ocr_line' id='line_1_17' title="bbox 297 1043 1789 1100; baseline 0.001 -16"><span class='ocrx_word' id='word_1_127' title='bbox 297 1051 438 1085; x_wconf 89' lang='lat' dir='ltr'>autem</span> <span class='ocrx_word' id='word_1_128' title='bbox 469 1058 569 1085; x_wconf 88' lang='lat' dir='ltr'>vera</span> <span class='ocrx_word' id='word_1_129' title='bbox 598 1059 650 1085; x_wconf 88' lang='grc'>110</span> <span class='ocrx_word' id='word_1_130' title='bbox 672 1059 767 1085; x_wconf 87' lang='grc'>011111</span> <span class='ocrx_word' id='word_1_131' title='bbox 789 1043 932 1100; x_wconf 84' lang='lat' dir='ltr'>aliqua</span> <span class='ocrx_word' id='word_1_132' title='bbox 953 1043 1139 1097; x_wconf 85' lang='lat' dir='ltr'>pulsaret</span> <span class='ocrx_word' id='word_1_133' title='bbox 1164 1045 1364 1099; x_wconf 87' lang='lat' dir='ltr'>suspicio,</span> <span class='ocrx_word' id='word_1_134' title='bbox 1395 1043 1603 1085; x_wconf 88' lang='lat' dir='ltr'>velamine</span> <span class='ocrx_word' id='word_1_135' title='bbox 1626 1051 1789 1085; x_wconf 84' lang='lat' dir='ltr'>texerat</span> 
     </span>
     <span class='ocr_line' id='line_1_18' title="bbox 297 1099 1790 1155; baseline 0 -15"><span class='ocrx_word' id='word_1_136' title='bbox 297 1100 501 1155; x_wconf 86' lang='lat' dir='ltr'>pretioso,</span> <span class='ocrx_word' id='word_1_137' title='bbox 539 1100 803 1155; x_wconf 83' lang='lat' dir='ltr'>praecipiens</span> <span class='ocrx_word' id='word_1_138' title='bbox 834 1100 1096 1141; x_wconf 81' lang='lat' dir='ltr'>atrocissima</span> <span class='ocrx_word' id='word_1_139' title='bbox 1135 1099 1281 1142; x_wconf 78' lang='lat' dir='ltr'>beluat</span> <span class='ocrx_word' id='word_1_140' title='bbox 1317 1100 1497 1155; x_wconf 85' lang='lat' dir='ltr'>propriis</span> <span class='ocrx_word' id='word_1_141' title='bbox 1528 1101 1689 1155; x_wconf 89' lang='lat' dir='ltr'>pueris,</span> <span class='ocrx_word' id='word_1_142' title='bbox 1730 1106 1790 1151; x_wconf 90' lang='lat' dir='ltr'>ut,</span> 
     </span>
     <span class='ocr_line' id='line_1_19' title="bbox 297 1154 1787 1211; baseline -0.002 -14"><span class='ocrx_word' id='word_1_143' title='bbox 297 1171 395 1197; x_wconf 91' lang='grc'>011111</span> <span class='ocrx_word' id='word_1_144' title='bbox 417 1156 509 1210; x_wconf 90' lang='lat' dir='ltr'>ipsa</span> <span class='ocrx_word' id='word_1_145' title='bbox 531 1156 652 1210; x_wconf 85' lang='lat' dir='ltr'>quasi</span> <span class='ocrx_word' id='word_1_146' title='bbox 672 1155 725 1196; x_wconf 87' lang='lat' dir='ltr'>ad</span> <span class='ocrx_word' id='word_1_147' title='bbox 748 1156 990 1210; x_wconf 78' lang='lat' dir='ltr'>pincernam</span> <span class='ocrx_word' id='word_1_148' title='bbox 1013 1155 1189 1211; x_wconf 87' lang='lat' dir='ltr'>loquens</span> <span class='ocrx_word' id='word_1_149' title='bbox 1212 1156 1367 1196; x_wconf 81' lang='lat' dir='ltr'>‘Misce&#39;</span> <span class='ocrx_word' id='word_1_150' title='bbox 1391 1156 1579 1208; x_wconf 84' lang='lat' dir='ltr'>dixisset,</span> <span class='ocrx_word' id='word_1_151' title='bbox 1610 1154 1667 1195; x_wconf 88' lang='lat' dir='ltr'>illi</span> <span class='ocrx_word' id='word_1_152' title='bbox 1690 1170 1787 1196; x_wconf 91' lang='lat' dir='ltr'>eum</span> 
     </span>
     <span class='ocr_line' id='line_1_20' title="bbox 297 1209 1788 1267; baseline -0.001 -15"><span class='ocrx_word' id='word_1_153' title='bbox 297 1226 322 1251; x_wconf 84' lang='lat' dir='ltr'>a</span> <span class='ocrx_word' id='word_1_154' title='bbox 343 1217 459 1266; x_wconf 86' lang='lat' dir='ltr'>tergo</span> <span class='ocrx_word' id='word_1_155' title='bbox 480 1210 638 1252; x_wconf 85' lang='lat' dir='ltr'>lanceis</span> <span class='ocrx_word' id='word_1_156' title='bbox 659 1212 931 1267; x_wconf 85' lang='lat' dir='ltr'>perforarent.</span> <span class='ocrx_word' id='word_1_157' title='bbox 991 1212 1254 1266; x_wconf 84' lang='lat' dir='ltr'>Factumque</span> <span class='ocrx_word' id='word_1_158' title='bbox 1276 1218 1358 1263; x_wconf 71' lang='lat' dir='ltr'>est,</span> <span class='ocrx_word' id='word_1_159' title='bbox 1381 1219 1433 1263; x_wconf 86' lang='lat' dir='ltr'>et,</span> <span class='ocrx_word' id='word_1_160' title='bbox 1456 1219 1583 1252; x_wconf 84' lang='lat' dir='ltr'>mox¹¹</span> <span class='ocrx_word' id='word_1_161' title='bbox 1608 1209 1788 1252; x_wconf 86' lang='lat' dir='ltr'>crudelis</span> 
     </span>
     <span class='ocr_line' id='line_1_21' title="bbox 297 1266 1788 1322; baseline 0 -15"><span class='ocrx_word' id='word_1_162' title='bbox 297 1267 454 1308; x_wconf 88' lang='lat' dir='ltr'>femina</span> <span class='ocrx_word' id='word_1_163' title='bbox 489 1267 659 1321; x_wconf 88' lang='lat' dir='ltr'>signum</span> <span class='ocrx_word' id='word_1_164' title='bbox 695 1266 822 1318; x_wconf 88' lang='lat' dir='ltr'>dedit,</span> <span class='ocrx_word' id='word_1_165' title='bbox 859 1267 1034 1322; x_wconf 90' lang='lat' dir='ltr'>iniquav</span> <span class='ocrx_word' id='word_1_166' title='bbox 1066 1268 1265 1308; x_wconf 83' lang='lat' dir='ltr'>mandata</span> <span class='ocrx_word' id='word_1_167' title='bbox 1286 1267 1576 1322; x_wconf 85' lang='lat' dir='ltr'>perficiuntur,</span> <span class='ocrx_word' id='word_1_168' title='bbox 1612 1267 1788 1321; x_wconf 86' lang='lat' dir='ltr'>ipseque</span> 
     </span>
     <span class='ocr_line' id='line_1_22' title="bbox 296 1321 1789 1377; baseline -0.001 -14"><span class='ocrx_word' id='word_1_169' title='bbox 296 1321 540 1363; x_wconf 83' lang='lat' dir='ltr'>vulneribus</span> <span class='ocrx_word' id='word_1_170' title='bbox 570 1322 799 1363; x_wconf 82' lang='lat' dir='ltr'>transfixus</span> <span class='ocrx_word' id='word_1_171' title='bbox 820 1323 863 1362; x_wconf 91' lang='lat' dir='ltr'>in</span> <span class='ocrx_word' id='word_1_172' title='bbox 884 1330 1067 1362; x_wconf 83' lang='lat' dir='ltr'>terramW</span> <span class='ocrx_word' id='word_1_173' title='bbox 1099 1337 1297 1364; x_wconf 87' lang='lat' dir='ltr'>corruens</span> <span class='ocrx_word' id='word_1_174' title='bbox 1324 1323 1546 1377; x_wconf 77' lang='lat' dir='ltr'>expiravit.</span> <span class='ocrx_word' id='word_1_175' title='bbox 1605 1322 1670 1362; x_wconf 85' lang='lat' dir='ltr'>Ea</span> <span class='ocrx_word' id='word_1_176' title='bbox 1692 1336 1789 1362; x_wconf 89' lang='lat' dir='ltr'>cum</span> 
     </span>
     <span class='ocr_line' id='line_1_23' title="bbox 297 1376 1790 1432; baseline -0.002 -13"><span class='ocrx_word' id='word_1_177' title='bbox 297 1377 479 1419; x_wconf 88' lang='lat' dir='ltr'>Rodulfo</span> <span class='ocrx_word' id='word_1_178' title='bbox 509 1380 599 1431; x_wconf 84' lang='lat' dir='ltr'>regi</span> <span class='ocrx_word' id='word_1_179' title='bbox 629 1378 819 1419; x_wconf 84' lang='lat' dir='ltr'>nuntiata</span> <span class='ocrx_word' id='word_1_180' title='bbox 848 1377 1077 1431; x_wconf 68' lang='lat' dir='ltr'>fuissentx,</span> <span class='ocrx_word' id='word_1_181' title='bbox 1117 1386 1202 1420; x_wconf 88' lang='lat' dir='ltr'>tam</span> <span class='ocrx_word' id='word_1_182' title='bbox 1239 1378 1409 1419; x_wconf 87' lang='lat' dir='ltr'>crudele</span> <span class='ocrx_word' id='word_1_183' title='bbox 1439 1378 1628 1432; x_wconf 82' lang='lat' dir='ltr'>germani</span> <span class='ocrx_word' id='word_1_184' title='bbox 1665 1376 1790 1417; x_wconf 87' lang='lat' dir='ltr'>funus</span> 
     </span>
     <span class='ocr_line' id='line_1_24' title="bbox 297 1433 1790 1489; baseline -0.001 -15"><span class='ocrx_word' id='word_1_185' title='bbox 297 1434 517 1489; x_wconf 84' lang='lat' dir='ltr'>ingemuit,</span> <span class='ocrx_word' id='word_1_186' title='bbox 547 1433 787 1489; x_wconf 88' lang='lat' dir='ltr'>dolorisque</span> <span class='ocrx_word' id='word_1_187' title='bbox 808 1434 1030 1489; x_wconf 86' lang='lat' dir='ltr'>inpatiens,</span> <span class='ocrx_word' id='word_1_188' title='bbox 1061 1433 1115 1474; x_wconf 90' lang='lat' dir='ltr'>ad</span> <span class='ocrx_word' id='word_1_189' title='bbox 1145 1433 1431 1475; x_wconf 84' lang='lat' dir='ltr'>ulciscendam</span> <span class='ocrx_word' id='word_1_190' title='bbox 1453 1434 1591 1475; x_wconf 86' lang='lat' dir='ltr'>fratris</span> <span class='ocrx_word' id='word_1_191' title='bbox 1613 1439 1790 1474; x_wconf 85' lang='lat' dir='ltr'>mortem</span> 
     </span>
     <span class='ocr_line' id='line_1_25' title="bbox 298 1489 1789 1545; baseline -0.001 -15"><span class='ocrx_word' id='word_1_192' title='bbox 298 1490 468 1530; x_wconf 81' lang='lat' dir='ltr'>exarsit.</span> <span class='ocrx_word' id='word_1_193' title='bbox 512 1490 797 1544; x_wconf 73' lang='lat' dir='ltr'>FoedusqueY</span> <span class='ocrx_word' id='word_1_194' title='bbox 820 1489 934 1544; x_wconf 87' lang='lat' dir='ltr'>quod</span> <span class='ocrx_word' id='word_1_195' title='bbox 956 1504 1050 1530; x_wconf 88' lang='lat' dir='ltr'>cum</span> <span class='ocrx_word' id='word_1_196' title='bbox 1071 1490 1233 1532; x_wconf 86' lang='lat' dir='ltr'>Tatone</span> <span class='ocrx_word' id='word_1_197' title='bbox 1262 1489 1481 1545; x_wconf 84' lang='lat' dir='ltr'>pepigerat</span> <span class='ocrx_word' id='word_1_198' title='bbox 1500 1490 1747 1544; x_wconf 88' lang='lat' dir='ltr'>inrumpens</span> <span class='ocrx_word' id='word_1_199' title='bbox 1761 1495 1789 1540; x_wconf 76' lang='grc' dir='ltr'>Ζ,</span> 
     </span>
     <span class='ocr_line' id='line_1_26' title="bbox 299 1544 1791 1600; baseline -0.003 -13"><span class='ocrx_word' id='word_1_200' title='bbox 299 1545 437 1587; x_wconf 87' lang='lat' dir='ltr'>eidem</span> <span class='ocrx_word' id='word_1_201' title='bbox 462 1544 618 1585; x_wconf 90' lang='lat' dir='ltr'>bellum</span> <span class='ocrx_word' id='word_1_202' title='bbox 650 1545 839 1586; x_wconf 73' lang='lat' dir='ltr'>indixita.</span> <span class='ocrx_word' id='word_1_203' title='bbox 928 1545 1043 1598; x_wconf 78' lang='lat' dir='ltr'>Quid</span> <span class='ocrx_word' id='word_1_204' title='bbox 1074 1545 1225 1600; x_wconf 86' lang='lat' dir='ltr'>plura‘?</span> <span class='ocrx_word' id='word_1_205' title='bbox 1285 1545 1556 1587; x_wconf 84' lang='lat' dir='ltr'>Conveniunt</span> <span class='ocrx_word' id='word_1_206' title='bbox 1585 1550 1791 1585; x_wconf 85' lang='lat' dir='ltr'>utrorum-</span> 
     </span>
     <span class='ocr_line' id='line_1_27' title="bbox 300 1601 1791 1657; baseline -0.001 -16"><span class='ocrx_word' id='word_1_207' title='bbox 300 1615 382 1657; x_wconf 91' lang='lat' dir='ltr'>que</span> <span class='ocrx_word' id='word_1_208' title='bbox 412 1602 455 1641; x_wconf 89' lang='lat' dir='ltr'>in</span> <span class='ocrx_word' id='word_1_209' title='bbox 485 1601 644 1656; x_wconf 88' lang='lat' dir='ltr'>campis</span> <span class='ocrx_word' id='word_1_210' title='bbox 675 1601 917 1656; x_wconf 88' lang='lat' dir='ltr'>patentibus</span> <span class='ocrx_word' id='word_1_211' title='bbox 948 1601 1072 1642; x_wconf 84' lang='lat' dir='ltr'>acies.</span> <span class='ocrx_word' id='word_1_212' title='bbox 1131 1601 1364 1642; x_wconf 80' lang='lat' dir='ltr'>Rodulfusb</span> <span class='ocrx_word' id='word_1_213' title='bbox 1403 1615 1500 1642; x_wconf 85' lang='lat' dir='ltr'>suos</span> <span class='ocrx_word' id='word_1_214' title='bbox 1538 1602 1580 1640; x_wconf 93' lang='lat' dir='ltr'>in</span> <span class='ocrx_word' id='word_1_215' title='bbox 1621 1606 1791 1655; x_wconf 76' lang='lat' dir='ltr'>pugnac</span> 
     </span>
     <span class='ocr_line' id='line_1_28' title="bbox 299 1655 1789 1712; baseline -0.003 -14"><span class='ocrx_word' id='word_1_216' title='bbox 299 1657 462 1712; x_wconf 75' lang='lat' dir='ltr'>dirigit,</span> <span class='ocrx_word' id='word_1_217' title='bbox 502 1657 592 1711; x_wconf 89' lang='lat' dir='ltr'>ipse</span> <span class='ocrx_word' id='word_1_218' title='bbox 623 1657 665 1697; x_wconf 91' lang='lat' dir='ltr'>in</span> <span class='ocrx_word' id='word_1_219' title='bbox 697 1657 843 1697; x_wconf 89' lang='lat' dir='ltr'>castris</span> <span class='ocrx_word' id='word_1_220' title='bbox 874 1657 1072 1697; x_wconf 88' lang='lat' dir='ltr'>resedens</span> <span class='ocrx_word' id='word_1_221' title='bbox 1083 1657 1114 1709; x_wconf 72' lang='lat' dir='ltr'>d,</span> <span class='ocrx_word' id='word_1_222' title='bbox 1146 1657 1197 1698; x_wconf 89' lang='lat' dir='ltr'>de</span> <span class='ocrx_word' id='word_1_223' title='bbox 1228 1672 1301 1712; x_wconf 91' lang='lat' dir='ltr'>spe</span> <span class='ocrx_word' id='word_1_224' title='bbox 1332 1657 1534 1698; x_wconf 87' lang='lat' dir='ltr'>victoriae</span> <span class='ocrx_word' id='word_1_225' title='bbox 1564 1655 1667 1696; x_wconf 88' lang='lat' dir='ltr'>nihil</span> <span class='ocrx_word' id='word_1_226' title='bbox 1703 1668 1789 1694; x_wconf 88' lang='lat' dir='ltr'>am-</span> 
     </span>
     <span class='ocr_line' id='line_1_29' title="bbox 299 1709 1790 1768; baseline -0.001 -16"><span class='ocrx_word' id='word_1_227' title='bbox 299 1712 450 1768; x_wconf 85' lang='lat' dir='ltr'>bigens</span> <span class='ocrx_word' id='word_1_228' title='bbox 464 1719 493 1765; x_wconf 63' lang='lat'>²,</span> <span class='ocrx_word' id='word_1_229' title='bbox 523 1712 578 1753; x_wconf 87' lang='lat' dir='ltr'>ad</span> <span class='ocrx_word' id='word_1_230' title='bbox 609 1711 794 1753; x_wconf 85' lang='lat' dir='ltr'>tabulam</span> <span class='ocrx_word' id='word_1_231' title='bbox 824 1711 943 1753; x_wconf 85' lang='lat' dir='ltr'>ludit.</span> <span class='ocrx_word' id='word_1_232' title='bbox 1001 1712 1136 1753; x_wconf 86' lang='lat' dir='ltr'>Erant</span> <span class='ocrx_word' id='word_1_233' title='bbox 1165 1712 1375 1768; x_wconf 86' lang='lat' dir='ltr'>siquidem</span> <span class='ocrx_word' id='word_1_234' title='bbox 1406 1720 1507 1754; x_wconf 90' lang='lat' dir='ltr'>tunc</span> <span class='ocrx_word' id='word_1_235' title='bbox 1527 1710 1674 1752; x_wconf 88' lang='lat' dir='ltr'>Heroli</span> <span class='ocrx_word' id='word_1_236' title='bbox 1705 1709 1790 1751; x_wconf 91' lang='lat' dir='ltr'>bel-</span> 
     </span>
     <span class='ocr_line' id='line_1_30' title="bbox 299 1766 1792 1823; baseline -0.002 -15"><span class='ocrx_word' id='word_1_237' title='bbox 299 1766 435 1809; x_wconf 91' lang='lat' dir='ltr'>lorum</span> <span class='ocrx_word' id='word_1_238' title='bbox 471 1767 645 1809; x_wconf 80' lang='lat' dir='ltr'>usibusf</span> <span class='ocrx_word' id='word_1_239' title='bbox 696 1768 870 1809; x_wconf 81' lang='lat' dir='ltr'>exerciti</span> <span class='ocrx_word' id='word_1_240' title='bbox 903 1767 1217 1823; x_wconf 88' lang='lat' dir='ltr'>multorumque</span> <span class='ocrx_word' id='word_1_241' title='bbox 1262 1769 1346 1809; x_wconf 88' lang='lat' dir='ltr'>iam</span> <span class='ocrx_word' id='word_1_242' title='bbox 1391 1775 1529 1822; x_wconf 86' lang='lat' dir='ltr'>strage</span> <span class='ocrx_word' id='word_1_243' title='bbox 1572 1766 1792 1808; x_wconf 89' lang='lat' dir='ltr'>notissimi.</span> 
     </span>
    </p>
   </div>
   <div class='ocr_carea' id='block_1_3' title="bbox 298 1948 1794 2529">
    <p class='ocr_par' dir='ltr' id='par_1_3' title="bbox 298 1948 1794 2529">
     <span class='ocr_line' id='line_1_31' title="bbox 300 1948 1791 1982; baseline -0.002 -8"><span class='ocrx_word' id='word_1_244' title='bbox 300 1949 329 1982; x_wconf 82' lang='lat' dir='ltr'>a)</span> <span class='ocrx_word' id='word_1_245' title='bbox 353 1952 455 1982; x_wconf 78' lang='lat' dir='ltr'>posset</span> <span class='ocrx_word' id='word_1_246' title='bbox 478 1949 503 1974; x_wconf 99' lang='lat' dir='ltr'>G</span> <span class='ocrx_word' id='word_1_247' title='bbox 527 1951 553 1975; x_wconf 84' lang='grc'>2.</span> <span class='ocrx_word' id='word_1_248' title='bbox 576 1950 590 1974; x_wconf 94' lang='lat'>1</span> <span class='ocrx_word' id='word_1_249' title='bbox 615 1952 638 1976; x_wconf 94' lang='lat'>1.</span> <span class='ocrx_word' id='word_1_250' title='bbox 721 1948 750 1981; x_wconf 85' lang='lat' dir='ltr'>b)</span> <span class='ocrx_word' id='word_1_251' title='bbox 775 1949 837 1974; x_wconf 85' lang='lat' dir='ltr'>illis</span> <span class='ocrx_word' id='word_1_252' title='bbox 860 1950 882 1974; x_wconf 86' lang='lat' dir='ltr'>F</span> <span class='ocrx_word' id='word_1_253' title='bbox 908 1951 940 1979; x_wconf 76' lang='lat'>13</span> <span class='ocrx_word' id='word_1_254' title='bbox 963 1952 1007 1975; x_wconf 85' lang='lat' dir='ltr'>est</span> <span class='ocrx_word' id='word_1_255' title='bbox 1027 1950 1075 1974; x_wconf 90' lang='lat' dir='ltr'>illi</span> <span class='ocrx_word' id='word_1_256' title='bbox 1097 1951 1120 1974; x_wconf 93' lang='lat' dir='ltr'>B</span> <span class='ocrx_word' id='word_1_257' title='bbox 1148 1951 1172 1976; x_wconf 92' lang='lat'>1.</span> <span class='ocrx_word' id='word_1_258' title='bbox 1196 1950 1221 1974; x_wconf 90' lang='lat' dir='ltr'>G</span> <span class='ocrx_word' id='word_1_259' title='bbox 1245 1951 1270 1975; x_wconf 85' lang='grc'>2.</span> <span class='ocrx_word' id='word_1_260' title='bbox 1352 1948 1378 1981; x_wconf 77' lang='lat' dir='ltr'>c)</span> <span class='ocrx_word' id='word_1_261' title='bbox 1403 1949 1590 1979; x_wconf 78' lang='lat' dir='ltr'>legationem</span> <span class='ocrx_word' id='word_1_262' title='bbox 1613 1948 1638 1971; x_wconf 80' lang='lat' dir='ltr'><strong>A</strong></span> <span class='ocrx_word' id='word_1_263' title='bbox 1662 1948 1689 1972; x_wconf 87' lang='grc'>2.</span> <span class='ocrx_word' id='word_1_264' title='bbox 1713 1948 1735 1971; x_wconf 85' lang='lat' dir='ltr'>F</span> <span class='ocrx_word' id='word_1_265' title='bbox 1760 1949 1791 1977; x_wconf 82' lang='lat'>13</span> 
     </span>
     <span class='ocr_line' id='line_1_32' title="bbox 298 1986 1793 2022; baseline -0.002 -8"><span class='ocrx_word' id='word_1_266' title='bbox 298 1990 459 2022; x_wconf 76' lang='lat' dir='ltr'>perfuncto</span> <span class='ocrx_word' id='word_1_267' title='bbox 480 1989 503 2013; x_wconf 90' lang='lat' dir='ltr'>B</span> <span class='ocrx_word' id='word_1_268' title='bbox 530 1991 554 2014; x_wconf 92' lang='lat' dir='ltr'>l.</span> <span class='ocrx_word' id='word_1_269' title='bbox 584 1989 606 2013; x_wconf 88' lang='lat' dir='ltr'><strong>F</strong></span> <span class='ocrx_word' id='word_1_270' title='bbox 630 1989 667 2013; x_wconf 79' lang='lat'>1?</span> <span class='ocrx_word' id='word_1_271' title='bbox 749 1987 777 2020; x_wconf 84' lang='grc'>(1)</span> <span class='ocrx_word' id='word_1_272' title='bbox 799 1989 931 2020; x_wconf 84' lang='lat' dir='ltr'>puellam</span> <span class='ocrx_word' id='word_1_273' title='bbox 964 1990 989 2014; x_wconf 90' lang='lat' dir='ltr'>A</span> <span class='ocrx_word' id='word_1_274' title='bbox 1013 1987 1052 2014; x_wconf 80' lang='lat'>·4.</span> <span class='ocrx_word' id='word_1_275' title='bbox 1086 1990 1109 2014; x_wconf 88' lang='lat' dir='ltr'>B</span> <span class='ocrx_word' id='word_1_276' title='bbox 1135 1990 1160 2015; x_wconf 91' lang='lat' dir='ltr'>l.</span> <span class='ocrx_word' id='word_1_277' title='bbox 1192 1989 1219 2013; x_wconf 94' lang='lat' dir='ltr'>D</span> <span class='ocrx_word' id='word_1_278' title='bbox 1245 1990 1269 2015; x_wconf 91' lang='lat' dir='ltr'>l.</span> <span class='ocrx_word' id='word_1_279' title='bbox 1304 1989 1327 2013; x_wconf 86' lang='lat' dir='ltr'>E</span> <span class='ocrx_word' id='word_1_280' title='bbox 1352 1990 1378 2013; x_wconf 91' lang='lat'>1.</span> <span class='ocrx_word' id='word_1_281' title='bbox 1403 1988 1427 2013; x_wconf 88' lang='lat' dir='ltr'>G</span> <span class='ocrx_word' id='word_1_282' title='bbox 1452 1989 1478 2013; x_wconf 90' lang='lat' dir='ltr'>l.</span> <span class='ocrx_word' id='word_1_283' title='bbox 1503 1988 1528 2013; x_wconf 88' lang='lat'>3.</span> <span class='ocrx_word' id='word_1_284' title='bbox 1552 1986 1639 2014; x_wconf 80' lang='lat' dir='ltr'>5a.b.</span> <span class='ocrx_word' id='word_1_285' title='bbox 1673 1987 1686 2010; x_wconf 97' lang='lat' dir='ltr'>I</span> <span class='ocrx_word' id='word_1_286' title='bbox 1711 1987 1736 2011; x_wconf 91' lang='grc'>1.</span> <span class='ocrx_word' id='word_1_287' title='bbox 1761 1987 1793 2015; x_wconf 76' lang='lat'>23</span> 
     </span>
     <span class='ocr_line' id='line_1_33' title="bbox 299 2025 1791 2060; baseline -0.003 -7"><span class='ocrx_word' id='word_1_288' title='bbox 299 2029 402 2060; x_wconf 84' lang='lat' dir='ltr'>puella</span> <span class='ocrx_word' id='word_1_289' title='bbox 423 2035 497 2054; x_wconf 81' lang='lat' dir='ltr'>corr.</span> <span class='ocrx_word' id='word_1_290' title='bbox 527 2029 663 2060; x_wconf 83' lang='lat' dir='ltr'>puellam</span> <span class='ocrx_word' id='word_1_291' title='bbox 687 2028 712 2052; x_wconf 83' lang='lat' dir='ltr'>G</span> <span class='ocrx_word' id='word_1_292' title='bbox 735 2029 761 2052; x_wconf 90' lang='grc'>2.</span> <span class='ocrx_word' id='word_1_293' title='bbox 786 2042 819 2046; x_wconf 93' lang='lat'><em>-</em></span> <span class='ocrx_word' id='word_1_294' title='bbox 850 2026 954 2060; x_wconf 85' lang='lat' dir='ltr'>qu(a)e</span> <span class='ocrx_word' id='word_1_295' title='bbox 977 2029 1000 2053; x_wconf 93' lang='lat' dir='ltr'>B</span> <span class='ocrx_word' id='word_1_296' title='bbox 1027 2029 1051 2053; x_wconf 90' lang='lat'>1.</span> <span class='ocrx_word' id='word_1_297' title='bbox 1076 2028 1104 2052; x_wconf 83' lang='lat'>2.</span> <span class='ocrx_word' id='word_1_298' title='bbox 1130 2027 1155 2052; x_wconf 90' lang='lat' dir='ltr'>G</span> <span class='ocrx_word' id='word_1_299' title='bbox 1178 2029 1203 2052; x_wconf 97' lang='grc'>2.</span> <span class='ocrx_word' id='word_1_300' title='bbox 1226 2028 1270 2054; x_wconf 70' lang='lat'>52,</span> <span class='ocrx_word' id='word_1_301' title='bbox 1287 2027 1314 2053; x_wconf 93' lang='lat' dir='ltr'>b.</span> <span class='ocrx_word' id='word_1_302' title='bbox 1336 2028 1350 2051; x_wconf 94' lang='lat' dir='ltr'>I</span> <span class='ocrx_word' id='word_1_303' title='bbox 1374 2029 1399 2054; x_wconf 86' lang='lat'>1.</span> <span class='ocrx_word' id='word_1_304' title='bbox 1424 2028 1449 2059; x_wconf 80' lang='lat'>2,</span> <span class='ocrx_word' id='word_1_305' title='bbox 1473 2034 1484 2051; x_wconf 85' lang='lat' dir='ltr'>e</span> <span class='ocrx_word' id='word_1_306' title='bbox 1506 2035 1581 2051; x_wconf 75' lang='lat' dir='ltr'>corr.</span> <span class='ocrx_word' id='word_1_307' title='bbox 1606 2025 1632 2050; x_wconf 81' lang='lat' dir='ltr'><strong>A</strong></span> <span class='ocrx_word' id='word_1_308' title='bbox 1655 2025 1691 2050; x_wconf 81' lang='lat'>2?</span> <span class='ocrx_word' id='word_1_309' title='bbox 1713 2026 1738 2050; x_wconf 94' lang='lat' dir='ltr'>D</span> <span class='ocrx_word' id='word_1_310' title='bbox 1765 2026 1791 2049; x_wconf 87' lang='grc'>1.</span> 
     </span>
     <span class='ocr_line' id='line_1_34' title="bbox 301 2064 1790 2099; baseline -0.003 -7"><span class='ocrx_word' id='word_1_311' title='bbox 301 2067 327 2092; x_wconf 97' lang='lat' dir='ltr'>G</span> <span class='ocrx_word' id='word_1_312' title='bbox 351 2069 378 2092; x_wconf 88' lang='grc'>1.</span> <span class='ocrx_word' id='word_1_313' title='bbox 404 2082 438 2085; x_wconf 93' lang='grc'><strong>-</strong></span> <span class='ocrx_word' id='word_1_314' title='bbox 461 2074 526 2092; x_wconf 84' lang='lat' dir='ltr'>eam</span> <span class='ocrx_word' id='word_1_315' title='bbox 550 2075 625 2093; x_wconf 75' lang='lat' dir='ltr'>corr.</span> <span class='ocrx_word' id='word_1_316' title='bbox 649 2074 717 2092; x_wconf 87' lang='lat' dir='ltr'>eum</span> <span class='ocrx_word' id='word_1_317' title='bbox 739 2068 761 2091; x_wconf 86' lang='lat' dir='ltr'>F</span> <span class='ocrx_word' id='word_1_318' title='bbox 787 2068 811 2092; x_wconf 92' lang='lat'>1.</span> <span class='ocrx_word' id='word_1_319' title='bbox 895 2066 922 2099; x_wconf 88' lang='lat' dir='ltr'>e)</span> <span class='ocrx_word' id='word_1_320' title='bbox 947 2070 979 2092; x_wconf 87' lang='lat' dir='ltr'>ut</span> <span class='ocrx_word' id='word_1_321' title='bbox 1002 2081 1034 2085; x_wconf 92' lang='lat'>-</span> <span class='ocrx_word' id='word_1_322' title='bbox 1060 2067 1192 2098; x_wconf 83' lang='lat' dir='ltr'>simplici</span> <span class='ocrx_word' id='word_1_323' title='bbox 1215 2068 1269 2091; x_wconf 68' lang='lat' dir='ltr'>cles.</span> <span class='ocrx_word' id='word_1_324' title='bbox 1294 2067 1320 2090; x_wconf 94' lang='lat' dir='ltr'>D</span> <span class='ocrx_word' id='word_1_325' title='bbox 1346 2067 1380 2097; x_wconf 74' lang='lat'>23</span> <span class='ocrx_word' id='word_1_326' title='bbox 1410 2069 1441 2091; x_wconf 84' lang='lat' dir='ltr'>ut</span> <span class='ocrx_word' id='word_1_327' title='bbox 1464 2074 1491 2092; x_wconf 86' lang='lat' dir='ltr'>v.</span> <span class='ocrx_word' id='word_1_328' title='bbox 1515 2067 1571 2091; x_wconf 64' lang='lat' dir='ltr'>cles.</span> <span class='ocrx_word' id='word_1_329' title='bbox 1592 2065 1615 2089; x_wconf 85' lang='lat' dir='ltr'>F</span> <span class='ocrx_word' id='word_1_330' title='bbox 1640 2066 1670 2095; x_wconf 80' lang='lat'>13</span> <span class='ocrx_word' id='word_1_331' title='bbox 1694 2065 1712 2088; x_wconf 86' lang='lat' dir='ltr'>i.</span> <span class='ocrx_word' id='word_1_332' title='bbox 1737 2064 1790 2088; x_wconf 87' lang='lat' dir='ltr'>uni</span> 
     </span>
     <span class='ocr_line' id='line_1_35' title="bbox 299 2102 1789 2139; baseline -0.004 -7"><span class='ocrx_word' id='word_1_333' title='bbox 299 2114 328 2139; x_wconf 87' lang='lat' dir='ltr'>p.</span> <span class='ocrx_word' id='word_1_334' title='bbox 354 2106 378 2131; x_wconf 87' lang='lat' dir='ltr'>G</span> <span class='ocrx_word' id='word_1_335' title='bbox 403 2108 427 2134; x_wconf 89' lang='lat'>1.</span> <span class='ocrx_word' id='word_1_336' title='bbox 529 2106 551 2138; x_wconf 85' lang='lat' dir='ltr'>s)</span> <span class='ocrx_word' id='word_1_337' title='bbox 575 2107 599 2132; x_wconf 86' lang='grc' dir='ltr'>Ι.</span> <span class='ocrx_word' id='word_1_338' title='bbox 622 2113 693 2137; x_wconf 82' lang='lat' dir='ltr'>ergo</span> <span class='ocrx_word' id='word_1_339' title='bbox 726 2107 750 2131; x_wconf 93' lang='lat' dir='ltr'><strong>B</strong></span> <span class='ocrx_word' id='word_1_340' title='bbox 776 2107 801 2133; x_wconf 82' lang='lat'>1.</span> <span class='ocrx_word' id='word_1_341' title='bbox 902 2108 931 2137; x_wconf 81' lang='lat' dir='ltr'>g)</span> <span class='ocrx_word' id='word_1_342' title='bbox 956 2106 1055 2130; x_wconf 83' lang='lat' dir='ltr'>fausto</span> <span class='ocrx_word' id='word_1_343' title='bbox 1088 2106 1113 2130; x_wconf 93' lang='lat' dir='ltr'>G</span> <span class='ocrx_word' id='word_1_344' title='bbox 1137 2107 1161 2137; x_wconf 87' lang='grc'>1,</span> <span class='ocrx_word' id='word_1_345' title='bbox 1184 2113 1258 2132; x_wconf 73' lang='lat' dir='ltr'>corr.</span> <span class='ocrx_word' id='word_1_346' title='bbox 1293 2105 1372 2130; x_wconf 82' lang='lat' dir='ltr'>fastu</span> <span class='ocrx_word' id='word_1_347' title='bbox 1404 2106 1426 2129; x_wconf 91' lang='lat' dir='ltr'>F</span> <span class='ocrx_word' id='word_1_348' title='bbox 1452 2107 1476 2130; x_wconf 90' lang='grc'>1.</span> <span class='ocrx_word' id='word_1_349' title='bbox 1513 2104 1538 2129; x_wconf 90' lang='lat' dir='ltr'><strong>G</strong></span> <span class='ocrx_word' id='word_1_350' title='bbox 1562 2105 1595 2133; x_wconf 77' lang='lat'>23</span> <span class='ocrx_word' id='word_1_351' title='bbox 1628 2102 1691 2127; x_wconf 84' lang='lat' dir='ltr'>fato</span> <span class='ocrx_word' id='word_1_352' title='bbox 1715 2102 1740 2127; x_wconf 88' lang='lat' dir='ltr'><strong>G</strong></span> <span class='ocrx_word' id='word_1_353' title='bbox 1763 2102 1789 2126; x_wconf 87' lang='lat'>3.</span> 
     </span>
     <span class='ocr_line' id='line_1_36' title="bbox 299 2142 1789 2177; baseline -0.003 -7"><span class='ocrx_word' id='word_1_354' title='bbox 299 2144 330 2177; x_wconf 88' lang='grc'>11)</span> <span class='ocrx_word' id='word_1_355' title='bbox 356 2146 490 2177; x_wconf 80' lang='lat' dir='ltr'>dispexit</span> <span class='ocrx_word' id='word_1_356' title='bbox 523 2146 546 2170; x_wconf 91' lang='lat' dir='ltr'>F</span> <span class='ocrx_word' id='word_1_357' title='bbox 571 2147 597 2170; x_wconf 95' lang='lat'>1.</span> <span class='ocrx_word' id='word_1_358' title='bbox 632 2146 657 2170; x_wconf 89' lang='lat' dir='ltr'><strong>G</strong></span> <span class='ocrx_word' id='word_1_359' title='bbox 684 2146 709 2170; x_wconf 85' lang='grc'>2.</span> <span class='ocrx_word' id='word_1_360' title='bbox 733 2145 760 2170; x_wconf 90' lang='grc'>4.</span> <span class='ocrx_word' id='word_1_361' title='bbox 863 2144 883 2177; x_wconf 93' lang='grc'>1)</span> <span class='ocrx_word' id='word_1_362' title='bbox 908 2145 1068 2170; x_wconf 81' lang='lat' dir='ltr'>adversum</span> <span class='ocrx_word' id='word_1_363' title='bbox 1102 2145 1124 2169; x_wconf 87' lang='lat' dir='ltr'>F</span> <span class='ocrx_word' id='word_1_364' title='bbox 1154 2146 1177 2170; x_wconf 88' lang='lat'>1.</span> <span class='ocrx_word' id='word_1_365' title='bbox 1279 2143 1309 2175; x_wconf 91' lang='lat' dir='ltr'>k)</span> <span class='ocrx_word' id='word_1_366' title='bbox 1330 2144 1479 2175; x_wconf 84' lang='lat' dir='ltr'>ampliore</span> <span class='ocrx_word' id='word_1_367' title='bbox 1514 2143 1693 2168; x_wconf 80' lang='lat' dir='ltr'>confusione</span> <span class='ocrx_word' id='word_1_368' title='bbox 1727 2142 1749 2165; x_wconf 83' lang='lat' dir='ltr'>F</span> <span class='ocrx_word' id='word_1_369' title='bbox 1765 2142 1789 2166; x_wconf 92' lang='lat' dir='ltr'>l.</span> 
     </span>
     <span class='ocr_line' id='line_1_37' title="bbox 299 2180 1789 2217; baseline -0.003 -8"><span class='ocrx_word' id='word_1_370' title='bbox 299 2184 321 2217; x_wconf 87' lang='lat' dir='ltr'>l)</span> <span class='ocrx_word' id='word_1_371' title='bbox 346 2187 375 2210; x_wconf 83' lang='lat' dir='ltr'>et</span> <span class='ocrx_word' id='word_1_372' title='bbox 396 2185 422 2209; x_wconf 89' lang='lat' dir='ltr'>d.</span> <span class='ocrx_word' id='word_1_373' title='bbox 447 2184 471 2209; x_wconf 91' lang='lat' dir='ltr'><strong>G</strong></span> <span class='ocrx_word' id='word_1_374' title='bbox 494 2185 521 2209; x_wconf 84' lang='lat'>2.</span> <span class='ocrx_word' id='word_1_375' title='bbox 621 2183 663 2216; x_wconf 88' lang='grc'>111)</span> <span class='ocrx_word' id='word_1_376' title='bbox 685 2184 724 2208; x_wconf 79' lang='lat' dir='ltr'>ita</span> <span class='ocrx_word' id='word_1_377' title='bbox 761 2183 786 2208; x_wconf 94' lang='lat' dir='ltr'><strong>A</strong></span> <span class='ocrx_word' id='word_1_378' title='bbox 811 2185 837 2210; x_wconf 89' lang='lat'>1.</span> <span class='ocrx_word' id='word_1_379' title='bbox 860 2184 887 2208; x_wconf 89' lang='grc'>2.</span> <span class='ocrx_word' id='word_1_380' title='bbox 908 2185 932 2209; x_wconf 89' lang='grc' dir='ltr'>Β</span> <span class='ocrx_word' id='word_1_381' title='bbox 957 2184 989 2214; x_wconf 80' lang='grc'>2;</span> <span class='ocrx_word' id='word_1_382' title='bbox 1022 2184 1197 2215; x_wconf 85' lang='lat' dir='ltr'>conciperet</span> <span class='ocrx_word' id='word_1_383' title='bbox 1227 2184 1250 2207; x_wconf 92' lang='lat' dir='ltr'>F</span> <span class='ocrx_word' id='word_1_384' title='bbox 1274 2184 1299 2208; x_wconf 88' lang='lat'>1.</span> <span class='ocrx_word' id='word_1_385' title='bbox 1325 2182 1349 2207; x_wconf 88' lang='lat' dir='ltr'><strong>G</strong></span> <span class='ocrx_word' id='word_1_386' title='bbox 1372 2183 1404 2213; x_wconf 85' lang='lat'>3;</span> <span class='ocrx_word' id='word_1_387' title='bbox 1438 2184 1619 2214; x_wconf 78' lang='lat' dir='ltr'>conceperat</span> <span class='ocrx_word' id='word_1_388' title='bbox 1641 2180 1731 2205; x_wconf 74' lang='lat' dir='ltr'>ceteri.</span> <span class='ocrx_word' id='word_1_389' title='bbox 1757 2194 1789 2198; x_wconf 91' lang='lat'><strong>—</strong></span> 
     </span>
     <span class='ocr_line' id='line_1_38' title="bbox 299 2219 1791 2255; baseline -0.003 -7"><span class='ocrx_word' id='word_1_390' title='bbox 299 2224 437 2255; x_wconf 81' lang='lat' dir='ltr'>expleret</span> <span class='ocrx_word' id='word_1_391' title='bbox 458 2223 481 2247; x_wconf 91' lang='lat' dir='ltr'>F</span> <span class='ocrx_word' id='word_1_392' title='bbox 506 2225 530 2247; x_wconf 92' lang='lat'>1.</span> <span class='ocrx_word' id='word_1_393' title='bbox 613 2222 644 2255; x_wconf 89' lang='grc'>11)</span> <span class='ocrx_word' id='word_1_394' title='bbox 669 2229 765 2253; x_wconf 85' lang='lat' dir='ltr'>eaque</span> <span class='ocrx_word' id='word_1_395' title='bbox 787 2223 880 2248; x_wconf 75' lang='lat' dir='ltr'>verba</span> <span class='ocrx_word' id='word_1_396' title='bbox 901 2223 924 2247; x_wconf 88' lang='lat' dir='ltr'>F</span> <span class='ocrx_word' id='word_1_397' title='bbox 949 2224 974 2249; x_wconf 90' lang='lat'>1.</span> <span class='ocrx_word' id='word_1_398' title='bbox 998 2222 1022 2247; x_wconf 97' lang='lat' dir='ltr'>G</span> <span class='ocrx_word' id='word_1_399' title='bbox 1047 2224 1072 2248; x_wconf 87' lang='lat'>1.</span> <span class='ocrx_word' id='word_1_400' title='bbox 1097 2223 1122 2246; x_wconf 90' lang='grc'>2.</span> <span class='ocrx_word' id='word_1_401' title='bbox 1145 2223 1171 2248; x_wconf 84' lang='lat'>3.</span> <span class='ocrx_word' id='word_1_402' title='bbox 1255 2221 1283 2255; x_wconf 93' lang='grc'>0)</span> <span class='ocrx_word' id='word_1_403' title='bbox 1304 2222 1375 2246; x_wconf 75' lang='lat' dir='ltr'>deest</span> <span class='ocrx_word' id='word_1_404' title='bbox 1398 2222 1422 2247; x_wconf 92' lang='lat' dir='ltr'><strong>A</strong></span> <span class='ocrx_word' id='word_1_405' title='bbox 1437 2220 1476 2247; x_wconf 83' lang='grc'>’3.</span> <span class='ocrx_word' id='word_1_406' title='bbox 1557 2219 1589 2253; x_wconf 90' lang='lat' dir='ltr'>p)</span> <span class='ocrx_word' id='word_1_407' title='bbox 1612 2219 1791 2246; x_wconf 83' lang='lat' dir='ltr'>rediendum</span> 
     </span>
     <span class='ocr_line' id='line_1_39' title="bbox 301 2259 1792 2294; baseline -0.001 -9"><span class='ocrx_word' id='word_1_408' title='bbox 301 2261 327 2286; x_wconf 85' lang='lat' dir='ltr'>G</span> <span class='ocrx_word' id='word_1_409' title='bbox 351 2264 375 2286; x_wconf 93' lang='lat'>1.</span> <span class='ocrx_word' id='word_1_410' title='bbox 399 2263 431 2293; x_wconf 76' lang='lat'>2?</span> <span class='ocrx_word' id='word_1_411' title='bbox 453 2262 616 2293; x_wconf 81' lang='lat' dir='ltr'>prandium</span> <span class='ocrx_word' id='word_1_412' title='bbox 641 2262 664 2285; x_wconf 80' lang='lat' dir='ltr'>G</span> <span class='ocrx_word' id='word_1_413' title='bbox 688 2262 714 2287; x_wconf 88' lang='lat'>5.</span> <span class='ocrx_word' id='word_1_414' title='bbox 796 2261 826 2294; x_wconf 83' lang='lat' dir='ltr'>q)</span> <span class='ocrx_word' id='word_1_415' title='bbox 848 2261 983 2287; x_wconf 82' lang='lat' dir='ltr'>fenestra</span> <span class='ocrx_word' id='word_1_416' title='bbox 1017 2262 1040 2286; x_wconf 87' lang='grc' dir='ltr'><strong>Ε</strong></span> <span class='ocrx_word' id='word_1_417' title='bbox 1066 2263 1096 2292; x_wconf 72' lang='lat' dir='ltr'>l?</span> <span class='ocrx_word' id='word_1_418' title='bbox 1126 2262 1273 2286; x_wconf 86' lang='lat' dir='ltr'>fenestras</span> <span class='ocrx_word' id='word_1_419' title='bbox 1296 2261 1328 2286; x_wconf 91' lang='lat' dir='ltr'>F.</span> <span class='ocrx_word' id='word_1_420' title='bbox 1354 2260 1379 2285; x_wconf 90' lang='lat' dir='ltr'><strong>G</strong></span> <span class='ocrx_word' id='word_1_421' title='bbox 1407 2261 1533 2293; x_wconf 71' lang='lat' dir='ltr'>(praeter</span> <span class='ocrx_word' id='word_1_422' title='bbox 1564 2260 1589 2285; x_wconf 87' lang='lat' dir='ltr'>G</span> <span class='ocrx_word' id='word_1_423' title='bbox 1612 2259 1672 2292; x_wconf 87' lang='lat' dir='ltr'>5a).</span> <span class='ocrx_word' id='word_1_424' title='bbox 1697 2274 1730 2279; x_wconf 96' lang='lat'>—</span> <span class='ocrx_word' id='word_1_425' title='bbox 1755 2260 1792 2284; x_wconf 88' lang='lat' dir='ltr'>ad</span> 
     </span>
     <span class='ocr_line' id='line_1_40' title="bbox 300 2299 1789 2332; baseline -0.003 -6"><span class='ocrx_word' id='word_1_426' title='bbox 300 2308 340 2327; x_wconf 84' lang='lat' dir='ltr'>sc.</span> <span class='ocrx_word' id='word_1_427' title='bbox 364 2302 419 2326; x_wconf 78' lang='lat' dir='ltr'>cles.</span> <span class='ocrx_word' id='word_1_428' title='bbox 445 2300 470 2325; x_wconf 83' lang='lat' dir='ltr'>G</span> <span class='ocrx_word' id='word_1_429' title='bbox 493 2302 520 2325; x_wconf 89' lang='grc'>2.</span> <span class='ocrx_word' id='word_1_430' title='bbox 603 2299 627 2332; x_wconf 89' lang='lat' dir='ltr'>r)</span> <span class='ocrx_word' id='word_1_431' title='bbox 648 2301 720 2325; x_wconf 70' lang='lat' dir='ltr'>deest</span> <span class='ocrx_word' id='word_1_432' title='bbox 741 2301 764 2325; x_wconf 91' lang='lat' dir='ltr'>B</span> <span class='ocrx_word' id='word_1_433' title='bbox 790 2302 814 2326; x_wconf 88' lang='lat'>1.</span> <span class='ocrx_word' id='word_1_434' title='bbox 905 2299 930 2332; x_wconf 86' lang='lat' dir='ltr'>s)</span> <span class='ocrx_word' id='word_1_435' title='bbox 954 2307 986 2325; x_wconf 76' lang='lat' dir='ltr'>rc·</span> <span class='ocrx_word' id='word_1_436' title='bbox 1008 2308 1020 2324; x_wconf 83' lang='lat' dir='ltr'>e</span> <span class='ocrx_word' id='word_1_437' title='bbox 1041 2308 1115 2326; x_wconf 76' lang='lat' dir='ltr'>corr.</span> <span class='ocrx_word' id='word_1_438' title='bbox 1139 2301 1161 2324; x_wconf 88' lang='lat' dir='ltr'>F</span> <span class='ocrx_word' id='word_1_439' title='bbox 1188 2301 1217 2330; x_wconf 86' lang='grc'>1;</span> <span class='ocrx_word' id='word_1_440' title='bbox 1241 2307 1262 2324; x_wconf 89' lang='lat' dir='ltr'>r.</span> <span class='ocrx_word' id='word_1_441' title='bbox 1287 2307 1312 2324; x_wconf 86' lang='lat' dir='ltr'>a.</span> <span class='ocrx_word' id='word_1_442' title='bbox 1335 2307 1361 2324; x_wconf 88' lang='lat' dir='ltr'>v.</span> <span class='ocrx_word' id='word_1_443' title='bbox 1384 2301 1439 2325; x_wconf 69' lang='lat' dir='ltr'>(les.</span> <span class='ocrx_word' id='word_1_444' title='bbox 1464 2300 1507 2332; x_wconf 84' lang='lat' dir='ltr'>G;</span> <span class='ocrx_word' id='word_1_445' title='bbox 1530 2300 1582 2324; x_wconf 83' lang='lat' dir='ltr'>illa</span> <span class='ocrx_word' id='word_1_446' title='bbox 1606 2300 1703 2325; x_wconf 81' lang='lat' dir='ltr'>verita</span> <span class='ocrx_word' id='word_1_447' title='bbox 1724 2299 1789 2323; x_wconf 65' lang='lat' dir='ltr'>add.</span> 
     </span>
     <span class='ocr_line' id='line_1_41' title="bbox 299 2338 1793 2371; baseline -0.002 -6"><span class='ocrx_word' id='word_1_448' title='bbox 299 2340 322 2365; x_wconf 87' lang='lat' dir='ltr'>F</span> <span class='ocrx_word' id='word_1_449' title='bbox 345 2341 372 2365; x_wconf 87' lang='grc'>4.</span> <span class='ocrx_word' id='word_1_450' title='bbox 397 2340 422 2363; x_wconf 89' lang='lat' dir='ltr'>G</span> <span class='ocrx_word' id='word_1_451' title='bbox 445 2339 492 2365; x_wconf 83' lang='lat' dir='ltr'>5a.</span> <span class='ocrx_word' id='word_1_452' title='bbox 574 2338 595 2371; x_wconf 79' lang='lat'>1)</span> <span class='ocrx_word' id='word_1_453' title='bbox 619 2339 713 2364; x_wconf 84' lang='lat' dir='ltr'>verba</span> <span class='ocrx_word' id='word_1_454' title='bbox 736 2339 768 2364; x_wconf 87' lang='lat' dir='ltr'>C.</span> <span class='ocrx_word' id='word_1_455' title='bbox 792 2340 828 2364; x_wconf 92' lang='lat' dir='ltr'>D.</span> <span class='ocrx_word' id='word_1_456' title='bbox 851 2340 875 2364; x_wconf 87' lang='lat' dir='ltr'>E</span> <span class='ocrx_word' id='word_1_457' title='bbox 902 2341 925 2365; x_wconf 85' lang='lat'>1.</span> <span class='ocrx_word' id='word_1_458' title='bbox 950 2340 972 2363; x_wconf 88' lang='lat' dir='ltr'>F</span> <span class='ocrx_word' id='word_1_459' title='bbox 996 2340 1020 2365; x_wconf 82' lang='lat'>2.</span> <span class='ocrx_word' id='word_1_460' title='bbox 1044 2340 1071 2364; x_wconf 89' lang='grc' dir='ltr'>Η</span> <span class='ocrx_word' id='word_1_461' title='bbox 1095 2340 1126 2369; x_wconf 71' lang='grc'>1;</span> <span class='ocrx_word' id='word_1_462' title='bbox 1149 2339 1237 2364; x_wconf 88' lang='lat' dir='ltr'>velba</span> <span class='ocrx_word' id='word_1_463' title='bbox 1258 2347 1331 2363; x_wconf 67' lang='lat' dir='ltr'>corr.</span> <span class='ocrx_word' id='word_1_464' title='bbox 1356 2340 1449 2364; x_wconf 78' lang='lat' dir='ltr'>verba</span> <span class='ocrx_word' id='word_1_465' title='bbox 1471 2340 1493 2364; x_wconf 83' lang='lat' dir='ltr'>F</span> <span class='ocrx_word' id='word_1_466' title='bbox 1508 2341 1532 2364; x_wconf 87' lang='lat'>1.</span> <span class='ocrx_word' id='word_1_467' title='bbox 1614 2338 1645 2371; x_wconf 92' lang='lat' dir='ltr'>u)</span> <span class='ocrx_word' id='word_1_468' title='bbox 1669 2341 1701 2363; x_wconf 85' lang='lat' dir='ltr'>ut</span> <span class='ocrx_word' id='word_1_469' title='bbox 1723 2345 1793 2362; x_wconf 84' lang='lat' dir='ltr'>mox</span> 
     </span>
     <span class='ocr_line' id='line_1_42' title="bbox 300 2377 1794 2410; baseline -0.003 -6"><span class='ocrx_word' id='word_1_470' title='bbox 300 2379 326 2404; x_wconf 89' lang='lat' dir='ltr'>A</span> <span class='ocrx_word' id='word_1_471' title='bbox 349 2378 394 2410; x_wconf 73' lang='lat'>&#39;33</span> <span class='ocrx_word' id='word_1_472' title='bbox 417 2382 446 2404; x_wconf 82' lang='lat' dir='ltr'>et</span> <span class='ocrx_word' id='word_1_473' title='bbox 467 2382 500 2404; x_wconf 88' lang='lat' dir='ltr'>ut</span> <span class='ocrx_word' id='word_1_474' title='bbox 521 2385 591 2404; x_wconf 85' lang='lat' dir='ltr'>mox</span> <span class='ocrx_word' id='word_1_475' title='bbox 612 2378 639 2403; x_wconf 90' lang='lat' dir='ltr'>A</span> <span class='ocrx_word' id='word_1_476' title='bbox 662 2379 697 2409; x_wconf 79' lang='lat'>33</span> <span class='ocrx_word' id='word_1_477' title='bbox 730 2380 757 2403; x_wconf 89' lang='lat' dir='ltr'>et</span> <span class='ocrx_word' id='word_1_478' title='bbox 780 2386 849 2404; x_wconf 78' lang='lat' dir='ltr'>mox</span> <span class='ocrx_word' id='word_1_479' title='bbox 879 2382 911 2403; x_wconf 87' lang='lat' dir='ltr'>ut</span> <span class='ocrx_word' id='word_1_480' title='bbox 932 2379 965 2403; x_wconf 92' lang='lat' dir='ltr'>B.</span> <span class='ocrx_word' id='word_1_481' title='bbox 991 2379 1012 2404; x_wconf 85' lang='lat' dir='ltr'>C</span> <span class='ocrx_word' id='word_1_482' title='bbox 1036 2377 1074 2404; x_wconf 83' lang='lat'>¹1.</span> <span class='ocrx_word' id='word_1_483' title='bbox 1097 2379 1123 2403; x_wconf 97' lang='lat' dir='ltr'>D</span> <span class='ocrx_word' id='word_1_484' title='bbox 1149 2379 1162 2403; x_wconf 94' lang='grc'>1</span> <span class='ocrx_word' id='word_1_485' title='bbox 1186 2386 1199 2402; x_wconf 83' lang='grc'>0</span> <span class='ocrx_word' id='word_1_486' title='bbox 1219 2386 1312 2409; x_wconf 72' lang='grc' dir='ltr'>εονν.;</span> <span class='ocrx_word' id='word_1_487' title='bbox 1343 2381 1371 2403; x_wconf 85' lang='lat' dir='ltr'>et</span> <span class='ocrx_word' id='word_1_488' title='bbox 1392 2379 1464 2403; x_wconf 71' lang='lat' dir='ltr'>deest</span> <span class='ocrx_word' id='word_1_489' title='bbox 1487 2378 1508 2404; x_wconf 88' lang='lat' dir='ltr'>C</span> <span class='ocrx_word' id='word_1_490' title='bbox 1533 2379 1558 2403; x_wconf 97' lang='lat'>5.</span> <span class='ocrx_word' id='word_1_491' title='bbox 1591 2390 1625 2396; x_wconf 87' lang='lat'><em>-</em></span> <span class='ocrx_word' id='word_1_492' title='bbox 1649 2377 1794 2403; x_wconf 76' lang='lat' dir='ltr'>crudelis-</span> 
     </span>
     <span class='ocr_line' id='line_1_43' title="bbox 300 2415 1791 2450; baseline -0.003 -6"><span class='ocrx_word' id='word_1_493' title='bbox 300 2420 378 2444; x_wconf 81' lang='lat' dir='ltr'>sima</span> <span class='ocrx_word' id='word_1_494' title='bbox 401 2418 422 2444; x_wconf 84' lang='lat' dir='ltr'>C</span> <span class='ocrx_word' id='word_1_495' title='bbox 444 2419 473 2443; x_wconf 83' lang='lat'>4.</span> <span class='ocrx_word' id='word_1_496' title='bbox 555 2417 584 2450; x_wconf 83' lang='lat' dir='ltr'>v)</span> <span class='ocrx_word' id='word_1_497' title='bbox 608 2418 775 2449; x_wconf 83' lang='lat' dir='ltr'>iniquaque</span> <span class='ocrx_word' id='word_1_498' title='bbox 797 2418 823 2442; x_wconf 94' lang='lat' dir='ltr'><strong>A</strong></span> <span class='ocrx_word' id='word_1_499' title='bbox 846 2419 880 2448; x_wconf 86' lang='lat'>5;</span> <span class='ocrx_word' id='word_1_500' title='bbox 903 2419 934 2443; x_wconf 89' lang='lat' dir='ltr'>in</span> <span class='ocrx_word' id='word_1_501' title='bbox 958 2425 1017 2448; x_wconf 79' lang='lat' dir='ltr'>qua</span> <span class='ocrx_word' id='word_1_502' title='bbox 1040 2416 1074 2450; x_wconf 63' lang='grc' dir='ltr'>(Ρ)</span> <span class='ocrx_word' id='word_1_503' title='bbox 1098 2425 1172 2443; x_wconf 75' lang='lat' dir='ltr'>corr.</span> <span class='ocrx_word' id='word_1_504' title='bbox 1206 2418 1275 2442; x_wconf 83' lang='lat' dir='ltr'>ilico</span> <span class='ocrx_word' id='word_1_505' title='bbox 1304 2418 1326 2441; x_wconf 89' lang='lat' dir='ltr'>F</span> <span class='ocrx_word' id='word_1_506' title='bbox 1352 2419 1385 2448; x_wconf 73' lang='lat'>13</span> <span class='ocrx_word' id='word_1_507' title='bbox 1413 2418 1443 2442; x_wconf 91' lang='lat' dir='ltr'>in</span> <span class='ocrx_word' id='word_1_508' title='bbox 1467 2424 1525 2449; x_wconf 82' lang='lat' dir='ltr'>quo</span> <span class='ocrx_word' id='word_1_509' title='bbox 1549 2418 1570 2441; x_wconf 88' lang='lat' dir='ltr'>F</span> <span class='ocrx_word' id='word_1_510' title='bbox 1594 2418 1620 2443; x_wconf 93' lang='lat'>5.</span> <span class='ocrx_word' id='word_1_511' title='bbox 1644 2416 1670 2441; x_wconf 91' lang='lat' dir='ltr'>G</span> <span class='ocrx_word' id='word_1_512' title='bbox 1696 2415 1791 2441; x_wconf 88' lang='lat' dir='ltr'>l—&#39;5.</span> 
     </span>
     <span class='ocr_line' id='line_1_44' title="bbox 302 2453 1793 2489; baseline -0.003 -5"><span class='ocrx_word' id='word_1_513' title='bbox 302 2460 347 2484; x_wconf 85' lang='lat' dir='ltr'>5a.</span> <span class='ocrx_word' id='word_1_514' title='bbox 364 2465 393 2489; x_wconf 73' lang='lat'>⁰3</span> <span class='ocrx_word' id='word_1_515' title='bbox 415 2458 513 2489; x_wconf 85' lang='lat' dir='ltr'>iniqui</span> <span class='ocrx_word' id='word_1_516' title='bbox 537 2456 562 2482; x_wconf 89' lang='lat' dir='ltr'>G</span> <span class='ocrx_word' id='word_1_517' title='bbox 585 2457 637 2487; x_wconf 82' lang='lat' dir='ltr'>5b;</span> <span class='ocrx_word' id='word_1_518' title='bbox 661 2457 768 2488; x_wconf 88' lang='lat' dir='ltr'>illique</span> <span class='ocrx_word' id='word_1_519' title='bbox 790 2457 812 2481; x_wconf 90' lang='lat' dir='ltr'>F</span> <span class='ocrx_word' id='word_1_520' title='bbox 835 2458 861 2481; x_wconf 81' lang='lat'>4.</span> <span class='ocrx_word' id='word_1_521' title='bbox 887 2470 920 2475; x_wconf 89' lang='lat'><em>-</em></span> <span class='ocrx_word' id='word_1_522' title='bbox 943 2457 1105 2488; x_wconf 79' lang='lat' dir='ltr'>perficiunt</span> <span class='ocrx_word' id='word_1_523' title='bbox 1127 2457 1158 2482; x_wconf 90' lang='lat' dir='ltr'>F.</span> <span class='ocrx_word' id='word_1_524' title='bbox 1175 2455 1209 2481; x_wconf 86' lang='lat' dir='ltr'>G.</span> <span class='ocrx_word' id='word_1_525' title='bbox 1271 2455 1311 2489; x_wconf 88' lang='lat' dir='ltr'>w)</span> <span class='ocrx_word' id='word_1_526' title='bbox 1334 2459 1413 2482; x_wconf 79' lang='lat' dir='ltr'>terra</span> <span class='ocrx_word' id='word_1_527' title='bbox 1436 2457 1459 2481; x_wconf 91' lang='lat' dir='ltr'>F</span> <span class='ocrx_word' id='word_1_528' title='bbox 1484 2458 1509 2483; x_wconf 88' lang='lat'>1.</span> <span class='ocrx_word' id='word_1_529' title='bbox 1571 2456 1602 2489; x_wconf 88' lang='lat' dir='ltr'>x)</span> <span class='ocrx_word' id='word_1_530' title='bbox 1625 2457 1670 2481; x_wconf 84' lang='lat' dir='ltr'>Ea</span> <span class='ocrx_word' id='word_1_531' title='bbox 1693 2455 1741 2488; x_wconf 80' lang='lat' dir='ltr'>(Et</span> <span class='ocrx_word' id='word_1_532' title='bbox 1756 2453 1793 2486; x_wconf 83' lang='lat' dir='ltr'>G)</span> 
     </span>
     <span class='ocr_line' id='line_1_45' title="bbox 303 2491 1792 2529; baseline -0.004 -6"><span class='ocrx_word' id='word_1_533' title='bbox 303 2505 327 2523; x_wconf 90' lang='grc'>0.</span> <span class='ocrx_word' id='word_1_534' title='bbox 350 2497 384 2521; x_wconf 78' lang='lat' dir='ltr'>R.</span> <span class='ocrx_word' id='word_1_535' title='bbox 408 2505 429 2522; x_wconf 88' lang='lat' dir='ltr'>r.</span> <span class='ocrx_word' id='word_1_536' title='bbox 452 2498 624 2522; x_wconf 83' lang='lat' dir='ltr'>nuntiatum</span> <span class='ocrx_word' id='word_1_537' title='bbox 647 2495 754 2521; x_wconf 81' lang='lat' dir='ltr'>fuisset</span> <span class='ocrx_word' id='word_1_538' title='bbox 776 2496 847 2529; x_wconf 85' lang='lat' dir='ltr'>(suis</span> <span class='ocrx_word' id='word_1_539' title='bbox 866 2497 869 2529; x_wconf 77' lang='grc' dir='ltr'>Ι</span> <span class='ocrx_word' id='word_1_540' title='bbox 890 2496 962 2521; x_wconf 80' lang='lat' dir='ltr'>isset</span> <span class='ocrx_word' id='word_1_541' title='bbox 984 2496 1006 2520; x_wconf 85' lang='lat' dir='ltr'>F</span> <span class='ocrx_word' id='word_1_542' title='bbox 1031 2497 1061 2526; x_wconf 77' lang='lat'>13</span> <span class='ocrx_word' id='word_1_543' title='bbox 1084 2496 1141 2520; x_wconf 84' lang='lat' dir='ltr'>fuit</span> <span class='ocrx_word' id='word_1_544' title='bbox 1164 2494 1250 2527; x_wconf 86' lang='lat' dir='ltr'><strong>G5b)</strong></span> <span class='ocrx_word' id='word_1_545' title='bbox 1274 2496 1297 2520; x_wconf 85' lang='lat' dir='ltr'>F</span> <span class='ocrx_word' id='word_1_546' title='bbox 1323 2497 1347 2521; x_wconf 90' lang='grc'>1.</span> <span class='ocrx_word' id='word_1_547' title='bbox 1372 2494 1406 2521; x_wconf 88' lang='lat' dir='ltr'>G.</span> <span class='ocrx_word' id='word_1_548' title='bbox 1479 2495 1507 2528; x_wconf 76' lang='lat' dir='ltr'>y)</span> <span class='ocrx_word' id='word_1_549' title='bbox 1530 2502 1588 2526; x_wconf 84' lang='lat' dir='ltr'>que</span> <span class='ocrx_word' id='word_1_550' title='bbox 1611 2496 1683 2519; x_wconf 69' lang='lat' dir='ltr'>deest</span> <span class='ocrx_word' id='word_1_551' title='bbox 1704 2493 1729 2518; x_wconf 91' lang='lat' dir='ltr'><strong>A</strong></span> <span class='ocrx_word' id='word_1_552' title='bbox 1753 2491 1792 2518; x_wconf 82' lang='lat'>‘3.</span> 
     </span>
    </p>
   </div>
   <div class='ocr_carea' id='block_1_4' title="bbox 302 2532 1796 2685">
    <p class='ocr_par' dir='ltr' id='par_1_4' title="bbox 302 2532 1796 2685">
     <span class='ocr_line' id='line_1_46' title="bbox 303 2532 1796 2568; baseline -0.003 -7"><span class='ocrx_word' id='word_1_553' title='bbox 303 2537 328 2568; x_wconf 89' lang='lat' dir='ltr'>z)</span> <span class='ocrx_word' id='word_1_554' title='bbox 363 2537 473 2568; x_wconf 85' lang='lat' dir='ltr'>irrupit</span> <span class='ocrx_word' id='word_1_555' title='bbox 514 2536 674 2566; x_wconf 86' lang='lat' dir='ltr'>eidemque</span> <span class='ocrx_word' id='word_1_556' title='bbox 706 2536 732 2560; x_wconf 92' lang='lat' dir='ltr'>D</span> <span class='ocrx_word' id='word_1_557' title='bbox 757 2536 783 2561; x_wconf 82' lang='lat'>2.</span> <span class='ocrx_word' id='word_1_558' title='bbox 820 2535 845 2560; x_wconf 86' lang='lat'>3.</span> <span class='ocrx_word' id='word_1_559' title='bbox 959 2534 987 2566; x_wconf 83' lang='lat' dir='ltr'>a)</span> <span class='ocrx_word' id='word_1_560' title='bbox 1020 2535 1139 2560; x_wconf 82' lang='lat' dir='ltr'>induxit</span> <span class='ocrx_word' id='word_1_561' title='bbox 1183 2535 1207 2559; x_wconf 92' lang='lat' dir='ltr'><strong>B</strong></span> <span class='ocrx_word' id='word_1_562' title='bbox 1233 2536 1257 2560; x_wconf 91' lang='lat'>1.</span> <span class='ocrx_word' id='word_1_563' title='bbox 1303 2534 1327 2559; x_wconf 91' lang='lat' dir='ltr'>G</span> <span class='ocrx_word' id='word_1_564' title='bbox 1350 2535 1377 2560; x_wconf 81' lang='lat'>4.</span> <span class='ocrx_word' id='word_1_565' title='bbox 1490 2533 1519 2566; x_wconf 90' lang='lat' dir='ltr'>b)</span> <span class='ocrx_word' id='word_1_566' title='bbox 1554 2534 1684 2559; x_wconf 84' lang='lat' dir='ltr'>Rodulfo</span> <span class='ocrx_word' id='word_1_567' title='bbox 1716 2532 1742 2556; x_wconf 88' lang='lat' dir='ltr'><strong>A</strong></span> <span class='ocrx_word' id='word_1_568' title='bbox 1767 2533 1796 2557; x_wconf 88' lang='lat'>1.</span> 
     </span>
     <span class='ocr_line' id='line_1_47' title="bbox 303 2571 1790 2608; baseline -0.003 -8"><span class='ocrx_word' id='word_1_569' title='bbox 303 2575 330 2608; x_wconf 85' lang='grc'>0)</span> <span class='ocrx_word' id='word_1_570' title='bbox 354 2576 394 2600; x_wconf 75' lang='lat' dir='ltr'>ica</span> <span class='ocrx_word' id='word_1_571' title='bbox 415 2576 440 2600; x_wconf 82' lang='lat' dir='ltr'><strong>A</strong></span> <span class='ocrx_word' id='word_1_572' title='bbox 464 2577 489 2601; x_wconf 90' lang='lat'>1.</span> <span class='ocrx_word' id='word_1_573' title='bbox 513 2576 536 2600; x_wconf 87' lang='lat' dir='ltr'>F</span> <span class='ocrx_word' id='word_1_574' title='bbox 560 2577 590 2606; x_wconf 73' lang='lat'>13</span> <span class='ocrx_word' id='word_1_575' title='bbox 623 2581 757 2607; x_wconf 83' lang='lat' dir='ltr'>pugnam</span> <span class='ocrx_word' id='word_1_576' title='bbox 778 2574 870 2605; x_wconf 66' lang='lat' dir='ltr'>ceteri.</span> <span class='ocrx_word' id='word_1_577' title='bbox 964 2573 993 2605; x_wconf 85' lang='lat' dir='ltr'>d)</span> <span class='ocrx_word' id='word_1_578' title='bbox 1018 2574 1058 2598; x_wconf 74' lang='lat' dir='ltr'>ita</span> <span class='ocrx_word' id='word_1_579' title='bbox 1080 2574 1106 2598; x_wconf 89' lang='lat' dir='ltr'><strong>A</strong></span> <span class='ocrx_word' id='word_1_580' title='bbox 1130 2575 1155 2598; x_wconf 89' lang='lat'>1.</span> <span class='ocrx_word' id='word_1_581' title='bbox 1178 2574 1201 2598; x_wconf 87' lang='lat' dir='ltr'>F</span> <span class='ocrx_word' id='word_1_582' title='bbox 1226 2575 1256 2605; x_wconf 74' lang='lat' dir='ltr'>l?</span> <span class='ocrx_word' id='word_1_583' title='bbox 1297 2574 1432 2599; x_wconf 82' lang='lat' dir='ltr'>residens</span> <span class='ocrx_word' id='word_1_584' title='bbox 1465 2574 1489 2598; x_wconf 90' lang='lat' dir='ltr'><strong>B</strong></span> <span class='ocrx_word' id='word_1_585' title='bbox 1515 2576 1539 2600; x_wconf 90' lang='lat'>1.</span> <span class='ocrx_word' id='word_1_586' title='bbox 1573 2573 1596 2597; x_wconf 88' lang='lat' dir='ltr'>G</span> <span class='ocrx_word' id='word_1_587' title='bbox 1621 2575 1645 2598; x_wconf 82' lang='lat'>1.</span> <span class='ocrx_word' id='word_1_588' title='bbox 1671 2573 1696 2604; x_wconf 81' lang='lat'>2,</span> <span class='ocrx_word' id='word_1_589' title='bbox 1730 2571 1790 2595; x_wconf 76' lang='lat' dir='ltr'>alii.</span> 
     </span>
     <span class='ocr_line' id='line_1_48' title="bbox 302 2610 1791 2646; baseline -0.004 -7"><span class='ocrx_word' id='word_1_590' title='bbox 302 2613 329 2646; x_wconf 88' lang='lat' dir='ltr'>e)</span> <span class='ocrx_word' id='word_1_591' title='bbox 354 2615 490 2640; x_wconf 85' lang='lat' dir='ltr'>ambiens</span> <span class='ocrx_word' id='word_1_592' title='bbox 512 2615 535 2639; x_wconf 89' lang='lat' dir='ltr'>B</span> <span class='ocrx_word' id='word_1_593' title='bbox 561 2616 605 2640; x_wconf 79' lang='lat' dir='ltr'>la.</span> <span class='ocrx_word' id='word_1_594' title='bbox 629 2614 651 2640; x_wconf 88' lang='lat' dir='ltr'>C</span> <span class='ocrx_word' id='word_1_595' title='bbox 674 2612 712 2639; x_wconf 80' lang='lat'>&#39;1.</span> <span class='ocrx_word' id='word_1_596' title='bbox 735 2614 782 2638; x_wconf 88' lang='lat' dir='ltr'>4b.</span> <span class='ocrx_word' id='word_1_597' title='bbox 806 2614 832 2640; x_wconf 88' lang='lat'>5.</span> <span class='ocrx_word' id='word_1_598' title='bbox 854 2614 881 2638; x_wconf 95' lang='lat' dir='ltr'>D</span> <span class='ocrx_word' id='word_1_599' title='bbox 907 2614 933 2638; x_wconf 88' lang='lat'>1.</span> <span class='ocrx_word' id='word_1_600' title='bbox 957 2614 981 2638; x_wconf 82' lang='grc' dir='ltr'><strong>Ε</strong></span> <span class='ocrx_word' id='word_1_601' title='bbox 1007 2615 1031 2641; x_wconf 88' lang='grc'>1,</span> <span class='ocrx_word' id='word_1_602' title='bbox 1063 2612 1088 2637; x_wconf 89' lang='lat' dir='ltr'>G</span> <span class='ocrx_word' id='word_1_603' title='bbox 1110 2613 1135 2637; x_wconf 87' lang='grc'>2.</span> <span class='ocrx_word' id='word_1_604' title='bbox 1161 2613 1187 2640; x_wconf 91' lang='lat'>3.</span> <span class='ocrx_word' id='word_1_605' title='bbox 1209 2614 1236 2638; x_wconf 88' lang='lat'>4.</span> <span class='ocrx_word' id='word_1_606' title='bbox 1262 2610 1300 2638; x_wconf 76' lang='lat'>⁶5.</span> <span class='ocrx_word' id='word_1_607' title='bbox 1326 2614 1351 2638; x_wconf 79' lang='lat'>6.</span> <span class='ocrx_word' id='word_1_608' title='bbox 1376 2613 1391 2637; x_wconf 94' lang='grc' dir='ltr'><strong>Ι</strong></span> <span class='ocrx_word' id='word_1_609' title='bbox 1414 2614 1439 2638; x_wconf 92' lang='grc'>1.</span> <span class='ocrx_word' id='word_1_610' title='bbox 1465 2614 1490 2638; x_wconf 90' lang='lat'>3.</span> <span class='ocrx_word' id='word_1_611' title='bbox 1546 2612 1625 2642; x_wconf 76' lang='lat' dir='ltr'>Quod</span> <span class='ocrx_word' id='word_1_612' title='bbox 1645 2612 1676 2636; x_wconf 69' lang='lat' dir='ltr'>in</span> <span class='ocrx_word' id='word_1_613' title='bbox 1698 2610 1791 2634; x_wconf 75' lang='lat' dir='ltr'>arche-</span> 
     </span>
     <span class='ocr_line' id='line_1_49' title="bbox 302 2649 1794 2685; baseline -0.003 -8"><span class='ocrx_word' id='word_1_614' title='bbox 302 2657 366 2684; x_wconf 77' lang='lat' dir='ltr'>typo</span> <span class='ocrx_word' id='word_1_615' title='bbox 381 2653 475 2683; x_wconf 74' lang='lat' dir='ltr'>fuisse</span> <span class='ocrx_word' id='word_1_616' title='bbox 495 2654 636 2684; x_wconf 55' lang='lat' dir='ltr'>molar-inu</span> <span class='ocrx_word' id='word_1_617' title='bbox 660 2653 800 2678; x_wconf 82' lang='lat' dir='ltr'>dubitans</span> <span class='ocrx_word' id='word_1_618' title='bbox 822 2653 850 2677; x_wconf 93' lang='lat' dir='ltr'>H</span> <span class='ocrx_word' id='word_1_619' title='bbox 874 2654 900 2680; x_wconf 88' lang='grc'>1.</span> <span class='ocrx_word' id='word_1_620' title='bbox 981 2651 1003 2685; x_wconf 87' lang='lat' dir='ltr'>f)</span> <span class='ocrx_word' id='word_1_621' title='bbox 1022 2651 1138 2677; x_wconf 88' lang='lat' dir='ltr'>lusibus</span> <span class='ocrx_word' id='word_1_622' title='bbox 1161 2651 1183 2677; x_wconf 88' lang='lat' dir='ltr'>C</span> <span class='ocrx_word' id='word_1_623' title='bbox 1207 2652 1238 2682; x_wconf 77' lang='lat'>53</span> <span class='ocrx_word' id='word_1_624' title='bbox 1261 2652 1319 2677; x_wconf 87' lang='lat' dir='ltr'>sibi</span> <span class='ocrx_word' id='word_1_625' title='bbox 1342 2653 1364 2676; x_wconf 96' lang='lat' dir='ltr'>F</span> <span class='ocrx_word' id='word_1_626' title='bbox 1388 2653 1415 2676; x_wconf 91' lang='lat'>1.</span> <span class='ocrx_word' id='word_1_627' title='bbox 1441 2651 1475 2677; x_wconf 90' lang='lat' dir='ltr'>G.</span> <span class='ocrx_word' id='word_1_628' title='bbox 1501 2665 1534 2669; x_wconf 91' lang='grc'>--</span> <span class='ocrx_word' id='word_1_629' title='bbox 1557 2651 1694 2677; x_wconf 82' lang='lat' dir='ltr'>exercitu</span> <span class='ocrx_word' id='word_1_630' title='bbox 1714 2649 1737 2673; x_wconf 90' lang='lat' dir='ltr'>F</span> <span class='ocrx_word' id='word_1_631' title='bbox 1762 2650 1794 2679; x_wconf 70' lang='lat'>13</span> 
     </span>
    </p>
   </div>
   <div class='ocr_carea' id='block_1_5' title="bbox 301 2688 1793 2762">
    <p class='ocr_par' dir='ltr' id='par_1_5' title="bbox 301 2688 1793 2762">
     <span class='ocr_line' id='line_1_50' title="bbox 302 2688 1793 2722; baseline -0.003 -5"><span class='ocrx_word' id='word_1_632' title='bbox 302 2693 454 2717; x_wconf 74' lang='lat' dir='ltr'>exercitus</span> <span class='ocrx_word' id='word_1_633' title='bbox 476 2693 498 2716; x_wconf 83' lang='lat' dir='ltr'>F</span> <span class='ocrx_word' id='word_1_634' title='bbox 521 2693 547 2718; x_wconf 92' lang='lat'>5.</span> <span class='ocrx_word' id='word_1_635' title='bbox 573 2692 599 2717; x_wconf 87' lang='lat' dir='ltr'>G</span> <span class='ocrx_word' id='word_1_636' title='bbox 622 2693 646 2717; x_wconf 89' lang='lat'>3.</span> <span class='ocrx_word' id='word_1_637' title='bbox 670 2693 697 2718; x_wconf 74' lang='lat'>4.</span> <span class='ocrx_word' id='word_1_638' title='bbox 721 2693 753 2722; x_wconf 69' lang='lat'>53</span> <span class='ocrx_word' id='word_1_639' title='bbox 776 2692 924 2718; x_wconf 83' lang='lat' dir='ltr'>exercitui</span> <span class='ocrx_word' id='word_1_640' title='bbox 945 2698 1020 2717; x_wconf 76' lang='lat' dir='ltr'>corr.</span> <span class='ocrx_word' id='word_1_641' title='bbox 1042 2691 1200 2716; x_wconf 77' lang='lat' dir='ltr'>exercitati</span> <span class='ocrx_word' id='word_1_642' title='bbox 1223 2691 1249 2715; x_wconf 95' lang='lat' dir='ltr'>D</span> <span class='ocrx_word' id='word_1_643' title='bbox 1264 2693 1294 2721; x_wconf 72' lang='lat'>13</span> <span class='ocrx_word' id='word_1_644' title='bbox 1317 2691 1474 2716; x_wconf 82' lang='lat' dir='ltr'>exercitati</span> <span class='ocrx_word' id='word_1_645' title='bbox 1497 2690 1522 2714; x_wconf 81' lang='lat' dir='ltr'><strong>A</strong></span> <span class='ocrx_word' id='word_1_646' title='bbox 1536 2688 1564 2715; x_wconf 79' lang='lat'>&#39;3</span> <span class='ocrx_word' id='word_1_647' title='bbox 1578 2694 1602 2714; x_wconf 70' lang='lat' dir='ltr'>ct</span> <span class='ocrx_word' id='word_1_648' title='bbox 1620 2688 1649 2714; x_wconf 76' lang='lat'>&#39;4</span> <span class='ocrx_word' id='word_1_649' title='bbox 1672 2697 1684 2713; x_wconf 82' lang='lat' dir='ltr'>e</span> <span class='ocrx_word' id='word_1_650' title='bbox 1706 2695 1793 2719; x_wconf 55' lang='lat' dir='ltr'>forr„</span> 
     </span>
     <span class='ocr_line' id='line_1_51' title="bbox 301 2728 1718 2762; baseline -0.003 -6"><span class='ocrx_word' id='word_1_651' title='bbox 301 2731 336 2756; x_wconf 91' lang='lat' dir='ltr'>B.</span> <span class='ocrx_word' id='word_1_652' title='bbox 360 2730 381 2756; x_wconf 86' lang='lat' dir='ltr'>C</span> <span class='ocrx_word' id='word_1_653' title='bbox 403 2732 428 2756; x_wconf 83' lang='lat'>5.</span> <span class='ocrx_word' id='word_1_654' title='bbox 453 2731 479 2755; x_wconf 94' lang='lat' dir='ltr'>D</span> <span class='ocrx_word' id='word_1_655' title='bbox 505 2732 549 2756; x_wconf 87' lang='grc'>11.</span> <span class='ocrx_word' id='word_1_656' title='bbox 574 2730 599 2756; x_wconf 89' lang='lat' dir='ltr'>G</span> <span class='ocrx_word' id='word_1_657' title='bbox 623 2731 638 2755; x_wconf 82' lang='lat'>2</span> <span class='ocrx_word' id='word_1_658' title='bbox 661 2739 673 2755; x_wconf 83' lang='lat' dir='ltr'>e</span> <span class='ocrx_word' id='word_1_659' title='bbox 695 2739 769 2757; x_wconf 74' lang='lat' dir='ltr'>corr.</span> <span class='ocrx_word' id='word_1_660' title='bbox 794 2731 827 2761; x_wconf 73' lang='grc' dir='ltr'>ὃς</span> <span class='ocrx_word' id='word_1_661' title='bbox 861 2730 888 2756; x_wconf 90' lang='lat' dir='ltr'>b.</span> <span class='ocrx_word' id='word_1_662' title='bbox 913 2731 976 2755; x_wconf 85' lang='lat' dir='ltr'>sive</span> <span class='ocrx_word' id='word_1_663' title='bbox 999 2730 1186 2755; x_wconf 83' lang='lat' dir='ltr'>exercituum</span> <span class='ocrx_word' id='word_1_664' title='bbox 1208 2730 1231 2754; x_wconf 88' lang='lat' dir='ltr'>F</span> <span class='ocrx_word' id='word_1_665' title='bbox 1256 2731 1268 2753; x_wconf 92' lang='grc'>1</span> <span class='ocrx_word' id='word_1_666' title='bbox 1294 2737 1306 2754; x_wconf 81' lang='lat' dir='ltr'>e</span> <span class='ocrx_word' id='word_1_667' title='bbox 1328 2738 1414 2762; x_wconf 58' lang='lat' dir='ltr'>corin,</span> <span class='ocrx_word' id='word_1_668' title='bbox 1438 2734 1461 2753; x_wconf 78' lang='lat' dir='ltr'>ee</span> <span class='ocrx_word' id='word_1_669' title='bbox 1484 2729 1523 2753; x_wconf 72' lang='lat' dir='ltr'>ita</span> <span class='ocrx_word' id='word_1_670' title='bbox 1546 2729 1569 2753; x_wconf 89' lang='lat' dir='ltr'>F</span> <span class='ocrx_word' id='word_1_671' title='bbox 1593 2729 1618 2754; x_wconf 84' lang='grc'>2,</span> <span class='ocrx_word' id='word_1_672' title='bbox 1642 2729 1668 2754; x_wconf 85' lang='grc'>3.</span> <span class='ocrx_word' id='word_1_673' title='bbox 1692 2728 1718 2752; x_wconf 85' lang='grc'>4.</span> 
     </span>
    </p>
   </div>
  </div>
 </body>
</html>
