1852 3141
257 132 302 164 34
564 129 709 162 PAULI
737 127 966 161 HISTORIA
993 127 1436 160 LANGOBARDORUM.

259 257 337 297 que
358 247 498 281 tamen
521 254 572 280 em
596 239 664 280 illo
687 239 906 292 descripta
924 252 1009 278 esse
1021 244 1219 291 possunt,
1238 239 1299 278 ita
1316 244 1362 278 ut
1378 239 1505 279 etiam
1523 239 1590 280 hic
1608 239 1741 279 codeoe

257 304 380 337 trans
401 295 534 350 Alpes
556 294 757 334 advectus
775 307 859 333 esse
881 294 935 332 sit
955 292 1204 333 censendus.
1253 292 1511 348 ›Scripturae
1530 295 1739 349 specimen

258 353 354 394 vide
383 352 429 391 in
460 350 608 390 tabula
637 349 671 389 I.
703 348 800 388 edit.
831 349 934 402 maj.

370 406 492 447 Alios
517 419 610 445 vero
632 404 763 458 liujus
795 402 946 443 elassis
977 407 1178 457 quotquot
1205 409 1374 444 eccstant
1404 405 1567 446 codices
1587 419 1639 445 eoe
1660 405 1702 445 F
1718 406 1738 445 1

260 461 505 517 repetendos
526 474 626 511 esse,
658 464 941 499 correctorum
962 464 1087 498 notae
1109 458 1336 498 ostendunt
1356 472 1408 499 ea:
1428 462 1523 514 ipso
1545 466 1740 515 receptae

257 525 294 559 et
315 517 489 572 lonqius
503 520 795 569 propagatae.
854 514 925 554 Ex
957 515 1110 568 quibus
1133 513 1217 554 duo
1239 514 1286 553 in
1307 516 1566 556 monasterio
1588 515 1743 557 Sancti

260 570 379 614 Galli
408 571 562 625 scripti
591 575 716 611 sunt:

371 626 462 685 (54)
492 626 614 667 Fla.
680 623 1064 678 Sanqallensis
1108 624 1188 664 Nr.
1228 624 1320 677 6:20,
1367 625 1534 666 membr.
1567 625 1667 679 fol„
1708 641 1740 669 3.

258 683 358 725 XII.
389 697 468 734 eoe„
508 681 581 722 ubi
617 682 730 721 inter
768 680 861 721 alia
899 694 1032 735 opera
1061 679 1194 721 Pauli
1233 681 1414 721 historia
1432 679 1477 734 f.
1508 680 1741 722 253—27‘2.

258 740 416 795 leyitur
454 738 532 792 (cf.
575 736 800 778 Scherreri
838 736 1021 791 catalog).
1050 751 1100 790 p.
1132 735 1250 787 201).
1314 735 1486 777 Indices
1523 738 1572 777 ‘in
1609 752 1744 778 unum

259 795 418 836 collecti
454 793 563 834 libro
598 793 744 847 primo
778 793 1141 846 praemitthtur,
1182 791 1217 831 I.
1239 791 1298 831 II.
1330 806 1382 831 eac
1412 793 1589 847 inqenio
1606 792 1742 846 facti,

259 851 342 891 III.
365 849 441 891 IV.
473 849 515 889 V.
547 862 599 888 eoe
628 848 705 888 Fl
741 847 990 887 abbreviati.
1039 847 1110 887 Eoe
1143 847 1218 888 hoc
1248 862 1412 902 maqna
1443 863 1535 888 cum
1567 847 1744 889 licentia

259 911 471 960 eoeceptus,
504 903 595 944 alia
616 918 751 944 manu
778 908 928 957 postea
951 902 1009 942 ad
1029 902 1206 943 eundem
1227 909 1286 944 est
1312 909 1537 944 correctus.
1578 904 1745 945 Eadem

260 963 468 1016 epitomen
498 959 705 999 historiae
735 958 938 998 Andreae
959 958 1232 1012 Bergomatis
1261 959 1457 1013 margini
1486 959 1654 1012 intulit;
1687 959 1742 1013 cf.

260 1017 391 1058 Arcb.
421 1015 471 1067 X,
494 1030 543 1070 p.
575 1013 669 1055 369.
738 1012 904 1054 Ultimis
936 1014 1290 1068 quaternionibus
1319 1015 1549 1066 intercisis,
1588 1015 1743 1056 desunt

262 1073 407 1114 omnia
438 1085 547 1126 quae
570 1075 670 1125 post
711 1069 752 1121 V,
783 1069 821 1110 2.
853 1071 1020 1123 (servus
1049 1070 1167 1122 tuus)
1197 1069 1492 1123 sequebantur.

373 1127 463 1183 (55)
493 1126 535 1167 F
552 1126 639 1165 1³³2
685 1124 832 1180 Sanq
845 1124 985 1165 allen
998 1126 1070 1165 sis
1090 1124 1172 1164 Nr.
1194 1124 1288 1176 547,
1310 1124 1571 1179 membr.fol.
1594 1140 1626 1165 s.
1643 1125 1743 1177 XII,

249 1183 335 1239 fol.
353 1181 586 1224 517—-554,
609 1180 687 1235 (cf.
715 1179 922 1221 Scherrer
937 1195 982 1234 p.
1007 1179 1084 1220 167
1107 1183 1232 1235 sqq).
1273 1180 1531 1234 Descriptus
1552 1195 1604 1222 eoe
1625 1181 1745 1233 Fla,

255 1241 521 1294 priusquam
551 1237 619 1278 hic
639 1236 733 1287 fine
764 1236 989 1277 destitutus
1019 1242 1125 1287 erat,
1155 1236 1427 1277 Betlimanno
1459 1242 1567 1277 teste.

141 1301 249 1336 ⁸1³·36·
375 1294 501 1336 *Jam
533 1299 661 1333 antea
690 1305 788 1332 vero
818 1293 866 1332 in
890 1290 1023 1332 Italia
1043 1291 1203 1332 codicis
1223 1292 1296 1331 F]
1325 1291 1745 1346 eoeemplumfactum

263 1352 318 1392 sit
349 1354 529 1404 oportet,
571 1347 684 1403 quod
723 1362 984 1402 quamquam
1017 1361 1168 1402 presso
1204 1347 1314 1401 pede
1350 1346 1462 1388 illud
1492 1347 1746 1402 sequebatur

262 1408 436 1462 ejusque
457 1404 772 1445 emendationes
786 1403 1020 1457 plerasque
1041 1403 1210 1456 recepit,
1236 1402 1458 1443 nonnullis
1484 1409 1622 1444 tamen
1643 1403 1747 1444 locis

262 1462 391 1503 verba
420 1460 602 1501 mutavit
633 1459 910 1513 (praesertim
940 1458 1000 1510 ΙΙ,
1025 1457 1074 1497 18
1095 1458 1193 1511 fin.,
1218 1473 1251 1498 υ.
1274 1458 1329 1498 N.
1351 1457 1482 1499 Arch.
1505 1459 1604 1513 I,p.
1626 1458 1745 1511 551).

262 1518 333 1559 Eoe
363 1517 438 1557 hoc
471 1515 551 1556 alii
580 1520 821 1555 manarunt
835 1513 979 1568 fonte,
1009 1528 1150 1554 omnes
1177 1515 1225 1554 in
1256 1512 1389 1554 Italia
1419 1514 1622 1567 confecti:

374 1570 465 1627 (56)
489 1570 595 1612 F*2.
648 1570 941 1611 Vaticanus
962 1571 1184 1624 reqinae
1209 1568 1526 1610 Clivristinae
1547 1569 1627 1609 Nr.
1651 1570 1744 1621 710,

261 1628 430 1669 membr.
448 1625 533 1682 fol.
565 1642 598 1666 s.
626 1626 700 1678 XI,
729 1625 899 1666 duabus
929 1625 1130 1665 manibus
1161 1623 1221 1678 (f.
1257 1624 1403 1664 1-32.
1426 1625 1614 1677 33—78)
1647 1639 1746 1666 89οα-

262 1690 399 1735 ratus,
430 1697 462 1722 s.
493 1681 604 1723 XIV.
634 1681 836 1732 Brioeiae,
868 1686 913 1720 ut
942 1680 1125 1731 videtur,
1158 1686 1418 1732 asservatus,
1449 1681 1500 1721 de
1531 1696 1618 1735 qua
1641 1681 1746 1721 urbe

262 1746 363 1780 tunc
393 1739 534 1779 breves
555 1737 751 1792 marqini
782 1736 1031 1790 adscriptae
1060 1741 1160 1775 sunt
1189 1736 1366 1776 notitiae
1381 1743 1408 1774 1.
1455 1735 1612 1777 Scriba
1633 1736 1747 1789 quod

264 1794 443 1836 babebat
471 1792 693 1848 exemplar
721 1792 829 1833 male
857 1791 1010 1845 leqisse
1035 1791 1219 1842 videtur,
1249 1791 1427 1846 ideoque
1453 1805 1551 1832 mom
1581 1791 1747 1832 litteras

262 1865 387 1891 sensu
408 1864 571 1890 vacuas
585 1848 752 1903 pinoeit,
774 1862 872 1888 mose
892 1847 1070 1888 liberius
1093 1846 1225 1887 Pauli
1250 1846 1379 1887 verba
1399 1846 1592 1888 reddidit
1608 1851 1664 1899 (e.
1681 1862 1745 1902 qr.

262 1906 323 1958 II,
356 1905 444 1957 19).
507 1903 699 1945 Codicem
740 1904 857 1944 carie
898 1903 1075 1943 adesum
1110 1908 1209 1956 post
1238 1902 1558 1943 Bethmannum
1589 1908 1625 1943 et
1654 1904 1747 1957 ipse

265 1962 424 2003 Romae
450 1974 658 2015 praesens
689 1959 854 2014 aliquot
881 1958 985 2000 locis
1013 1958 1190 2010 inspeoei
1203 1964 1230 1997 ².

376 2015 466 2074 (57)
496 2016 590 2056 1⁴⁷2.
649 2014 1033 2056 Illodoetiensis
1062 2013 1144 2054 Nr.
1169 2012 1261 2065 135,
1282 2013 1450 2054 membr.
1472 2028 1504 2053 s.
1526 2013 1599 2053 XI.
1621 2013 1745 2065 XII3,

263 2088 354 2113 una
374 2087 509 2113 manu
529 2076 753 2122 eoearatus,
783 2085 828 2111 eo
849 2070 1042 2124 insignis
1064 2069 1178 2124 quod
1198 2069 1276 2119 IV,
1299 2068 1365 2108 21.
1388 2075 1425 2109 et
1452 2068 1492 2120 V,
1514 2068 1552 2108 6.
1575 2068 1745 2122 amplas

263 2129 415 2170 inserit
437 2126 786 2182 interpolationes
809 2126 867 2166 ad
887 2124 1105 2166 ecclesiam
1125 2124 1455 2165 Modoetiensem
1470 2130 1707 2178 spectantes
1718 2130 1746 2163 ⁴.

264 2182 369 2224 Alia
391 2198 549 2224 coaeva
579 2196 736 2223 manus
767 2181 996 2236 aliquoties
1025 2180 1212 2221 lacunas
1243 2179 1427 2233 eoeplevit
1457 2180 1631 2234 aliaque
1653 2193 1743 2220 cor-

263 2239 388 2280 reoeit.
431 2238 645 2279 Lectionis
674 2237 924 2277 varietatem
954 2236 1084 2277 editio
1106 2235 1418 2275 ilsuratoriana
1440 2234 1569 2286 dedit,
1592 2240 1748 2289 postea

264 2294 510 2335 Bethmann
559 2293 746 2334 enotavit
755 2307 770 2344 ;
826 2291 939 2332 locos
989 2291 1195 2345 quosdam
1245 2290 1364 2331 Frisi
1413 2291 1638 2343 (Memorie
1687 2290 1746 2342 ΙΙ,

257 2365 307 2405 p.
337 2349 419 2390 202
448 2352 560 2404 sqq.)
590 2348 785 2402 imprimi
802 2346 926 2401 fecit.

267 2455 304 2499 1)
331 2456 406 2497 ΙΙΙ,
433 2457 499 2488 31:
535 2461 569 2489 et
603 2461 698 2495 nota,
734 2455 827 2498 quod
856 2455 900 2486 ab
935 2455 1010 2497 ipso
1048 2453 1204 2496 Grippho
1239 2453 1477 2485 descenderunt
1518 2452 1664 2495 Gripphi
1701 2452 1744 2484 de

265 2506 413 2546 Brexia3
440 2504 508 2545 IV,
537 2505 576 2536 2:
606 2504 775 2537 Similiter
799 2513 929 2545 magna
955 2501 1141 2534 multitudo
1168 2501 1381 2534 locustarum
1410 2511 1477 2543 que
1503 2504 1674 2533 venerunt
1701 2499 1744 2531 de

264 2554 432 2586 Tridento
459 2555 622 2586 Brexiam
648 2554 685 2584 in
711 2563 912 2585 Mcccxmn.
1015 2551 1048 2591 2)
1081 2549 1177 2589 Quae
1213 2550 1259 2583 N.
1286 2549 1390 2581 Arcb.
1418 2549 1449 2589 I,
1469 2560 1507 2590 p.
1536 2549 1618 2580 551.
1645 2548 1688 2580 de
1715 2547 1752 2579 F

267 2602 299 2634 2.
327 2604 359 2634 3.
386 2603 407 2632 4
434 2601 553 2634 notavi
579 2601 681 2635 etiam
707 2601 744 2633 in
771 2599 829 2632 F*
847 2600 879 2632 2.
914 2599 1038 2632 cadere
1064 2599 1148 2631 vidi.
1249 2597 1287 2641 3)
1314 2597 1513 2630 Bethmann
1539 2596 1574 2628 in
1600 2608 1626 2628 s.
1655 2595 1745 2629 XII.

266 2659 319 2682 επ.
339 2650 470 2692 posuit,
498 2651 591 2692 quod
617 2661 693 2682 cum
728 2648 913 2690 specimine
940 2648 976 2679 in
1008 2646 1156 2680 editione
1190 2646 1440 2678 Jluratoriana
1471 2645 1558 2677 data
1582 2655 1743 2687 puynare

265 2697 414 2730 videtur.
520 2700 555 2737 4)
588 2698 777 2730 Praeterea
810 2698 900 2730 inter
932 2696 985 2735 II,
1023 2696 1081 2728 24.
1108 2700 1138 2727 et
1174 2695 1229 2727 25.
1258 2694 1376 2727 eadem
1410 2703 1519 2725 manu
1553 2693 1673 2725 notula
1701 2693 1744 2725 de

267 2745 403 2779 cometis
429 2746 492 2778 sub
524 2745 643 2779 Ottone
670 2745 700 2778 I.
728 2751 758 2778 et
784 2745 839 2777 ΙΙ.
868 2743 950 2777 visis
976 2745 1106 2776 inserta
1133 2748 1193 2776 est.
