1852 3141
256 137 401 169 PAULI
428 134 656 168 HISTORIA
683 133 1126 168 LANGOBARDORUM.
1177 134 1272 167 LIB.
1300 135 1363 167 IV.
1497 135 1564 166 147

89 247 270 299 Tuder³‚
320 246 513 298 Ameria,
561 246 755 299 Perusia,
800 246 1042 299 Luceolisb,
1091 253 1132 288 et
1179 245 1280 287 alias
1333 245 1564 301 quasdamc

87 303 288 344 civitates.
348 301 473 353 Quod
501 302 659 343 factum
689 317 785 342 cum
814 303 905 357 regi
933 301 1120 357 Agilulfo
1149 303 1385 343 nuntiatum
1417 301 1566 353 essetd,

86 359 226 399 statim
271 358 449 399 Ticinoe
496 373 708 412 egressus,
754 373 851 399 cum
896 358 1035 399 valido
1090 358 1301 400 exercituf
1348 357 1561 398 civitatem

83 414 335 454 Perusiumg
378 415 520 469 petiit3
574 414 716 470 ibique
759 429 836 468 per
884 415 972 455 dies
1025 413 1195 468 aliquod
1237 413 1565 454 Maurisionemh

83 469 234 510 ducem
264 469 667 524 Langobardorum,
708 471 780 525 qui
816 486 860 511 se
889 470 1174 510 Romanorum
1210 470 1400 525 partibus
1441 467 1566 509 tradi-

85 525 222 577 derat,
253 524 427 577 obsedit,
467 532 508 566 et
547 526 635 566 sine
665 540 783 565 mora
821 532 992 580 captum
1027 526 1135 567 vitai
1171 526 1368 580 privavit.
1426 524 1565 565 Huius

83 581 194 636 regis
215 580 442 622 adventum
455 582 473 607 ¹¹
504 582 547 621 in
576 587 739 622 tantum
768 580 916 622 beatus
939 581 1169 636 Gregorius
1200 596 1311 636 papa
1341 582 1565 621 exterritus

83 643 157 689 est,
187 642 233 676 ut
262 635 315 676 ab
347 637 608 691 expositione
638 635 796 691 templi,
834 637 885 677 de
932 651 1013 692 quo
1044 638 1087 676 in
1116 636 1363 678 Ezechiele1
1399 635 1566 691 legitur,

83 692 314 745 desisteret,
352 693 461 733 sicut
496 693 586 747 ipse
624 706 792 747 quoque
831 693 873 732 in
903 693 988 732 suis
1028 692 1216 733 homeliis
1250 692 1413 732 refert1.
1473 691 1566 732 Rex

80 748 209 802 igitur
244 746 421 802 Agilulf,
458 749 583 789 rebus
599 756 623 774 ¹¹¹
655 748 904 803 conpositis,
944 747 1139 787 Ticinum
1176 747 1409 802 repedavit.
1476 746 1566 787 Nec

81 803 259 844 multum
291 810 407 858 post,
452 810 724 858 suggerente¹¹
764 804 948 844 maxime
978 802 1271 844 Theudelinda
1307 803 1453 857 regina
1491 816 1567 843 sua

81 859 277 913 coniuge,
318 859 425 900 sicut
461 866 582 899 eam⁰
613 857 759 900 beatus
795 866 936 914 papalJ
970 859 1201 914 Gregorius
1232 859 1318 900 suis
1348 857 1566 912 epistulisq

83 915 250 970 saepius
271 916 513 967 ammonuit,
541 930 637 955 cum
659 915 805 956 eodem
827 916 916 955 Viro
939 915 1202 956 sanctissimo
1223 929 1335 971 papa
1357 914 1564 969 Gregorio

83 976 210 1025 atque
254 970 452 1010 Romanis
506 984 655 1025 pacem
710 970 992 1011 firmissimam
1038 971 1240 1026 *pepigit.
1302 970 1565 1025 Eidemque?

82 1026 252 1079 reginae
288 1025 398 1066 idem
439 1025 692 1067 venerabilis
731 1026 955 1068 sacerdosS
1008 1041 1084 1082 pro
1128 1027 1360 1082 gratiarum
1403 1027 1566 1067 actione

84 1080 192 1121 hanc
223 1081 445 1135 epistulam
476 1081 677 1123 direxit²z

198 1136 235 1177 9.
296 1136 540 1191 ‘Gregorius
594 1138 909 1179 Theudelindae
956 1139 1127 1193 reginae
1176 1137 1567 1192 Langobardorum.

85 1192 195 1243 Quia
225 1191 473 1233 excellentia
508 1199 649 1234 vestra
686 1194 740 1234 ad
774 1194 1036 1235 faciendumt
1082 1208 1231 1249 pacem
1266 1193 1491 1234 studiosius
1527 1199 1567 1233 et

81 1246 262 1302 benigne
298 1263 353 1300 sc,
385 1249 492 1290 sicut
527 1249 648 1302 solet,
683 1250 970 1305 inpenderitu,
1008 1250 1272 1291 renuntiante
1307 1248 1392 1289 filio
1423 1255 1565 1289 nostro

81 1303 221 1344 Probo
242 1303 393 1345 abbate
415 1305 705 1359 cognovimus.
765 1306 854 1347 Nec
875 1306 985 1346 enim
1008 1305 1131 1347 aliter
1151 1305 1229 1346 dev
1262 1304 1567 1346 christianitate

89 1410 116 1442 a)
140 1411 252 1436 Faider
279 1411 300 1437 C
324 1410 364 1437 ’1.
390 1413 413 1435 l.
436 1414 469 1443 2?
503 1413 610 1438 litterae
642 1413 688 1437 Tu
721 1422 734 1437 e
755 1421 828 1440 corr,
853 1415 880 1438 D
906 1416 930 1438 1.
1035 1413 1062 1445 b)
1086 1414 1237 1439 Lueeolus
1259 1412 1286 1438 A
1308 1414 1334 1439 5.
1369 1413 1401 1439 C.
1436 1413 1474 1438 D.
1497 1414 1511 1437 I
1535 1415 1561 1438 1.

82 1448 109 1482 c)
133 1457 207 1481 quas
230 1451 304 1475 duas
325 1451 351 1475 A
374 1453 400 1477 1.
484 1451 513 1483 d)
537 1453 643 1477 suisset
664 1452 729 1477 A2.
753 1454 818 1477 D2.
903 1452 930 1483 e)
954 1453 1093 1478 Ticinum
1117 1453 1178 1479 G2.
1259 1452 1283 1484 s)
1308 1453 1477 1478 exercitum
1498 1453 1563 1477 Fl.

82 1488 112 1520 g)
137 1498 161 1515 c.
185 1490 283 1514 statim
305 1490 337 1514 P.
361 1491 386 1515 A
409 1491 441 1521 23
465 1492 622 1516 Perusiam
644 1492 682 1516 D.
764 1491 793 1523 li)
818 1493 1044 1517 Maurusionem
1068 1492 1094 1517 G
1116 1491 1164 1523 ‘23
1186 1493 1290 1518 Maris.
1314 1492 1337 1516 F
1362 1494 1386 1516 1.
1478 1489 1500 1523 i)
1524 1492 1564 1515 vi-

81 1531 142 1553 tam
172 1529 194 1553 F
219 1530 256 1553 1¹.)
280 1528 305 1553 G
330 1530 354 1554 1.
378 1530 403 1554 3.
426 1530 452 1553 4.
544 1529 574 1561 k)
596 1531 636 1554 ita
658 1530 684 1554 A
709 1532 734 1555 1.
759 1529 798 1557 '2.
824 1530 862 1556 '4.
887 1533 914 1556 4.
940 1532 967 1556 ἴ).
997 1532 1020 1555 F
1044 1534 1068 1557 1.
1104 1531 1130 1556 G
1155 1533 1180 1557 1.
1205 1530 1243 1558 ’2.
1268 1533 1291 1557 2.
1316 1532 1341 1556 3.
1365 1532 1398 1561 4;
1431 1530 1564 1555 adventu

82 1568 174 1593 ceteri.
268 1566 289 1599 Ι)
313 1569 475 1593 Ezecffielo
507 1570 530 1593 F
555 1571 580 1594 1.
614 1569 638 1594 G
662 1572 687 1595 1.
713 1568 750 1594 ‘2.
776 1571 809 1601 33
842 1571 1043 1595 Ezechiehelo
1067 1570 1088 1595 O
1112 1570 1155 1602 '1;
1187 1570 1360 1595 Iezechielo
1384 1570 1405 1595 C
1431 1572 1462 1600 13
1494 1570 1563 1594 Hie-

82 1607 219 1632 zochielo
242 1606 267 1631 G
280 1607 305 1632 2.
388 1607 428 1639 m)
453 1609 588 1634 extincto
610 1610 796 1634 Maurisione
820 1610 917 1635 Ticin.
942 1618 1040 1635 ecorr.
1064 1610 1127 1634 Fi.
1208 1611 1239 1643 n)
1264 1611 1476 1640 suggerentem
1498 1609 1522 1633 F
1537 1611 1561 1634 1.

81 1645 110 1678 o)
132 1647 223 1670 etiam
244 1646 268 1670 Ε
294 1647 319 1670 1.
343 1647 374 1671 F.
401 1647 435 1672 G.
517 1646 548 1679 p)
571 1648 641 1672 deest
664 1649 690 1673 D
714 1649 740 1673 2.
765 1649 798 1679 ὃς
822 1649 872 1674 Gr.
895 1657 924 1680 p.
948 1650 974 1673 D
1000 1650 1032 1679 13
1063 1657 1085 1674 s.
1109 1656 1135 1675 e.
1157 1656 1179 1673 s.
1204 1652 1227 1673 et
1250 1649 1356 1674 eodem
1379 1656 1406 1675 v,
1429 1656 1451 1673 s.
1475 1655 1503 1679 p·
1527 1647 1562 1673 G.

79 1688 170 1715 atque.
192 1686 246 1709 des,
270 1685 297 1709 D
322 1686 347 1710 2.
371 1686 396 1714 3,
420 1686 467 1710 ubi
488 1688 606 1711 monuit
628 1689 653 1719 2,
677 1690 836 1712 monuerat
859 1689 883 1712 3.
958 1687 988 1720 q)
1013 1689 1051 1712 ita
1074 1688 1098 1712 Α
1123 1690 1147 1711 1.
1169 1689 1190 1712 F
1216 1690 1241 1720 1,
1263 1688 1386 1719 saepius.
1457 1686 1482 1718 r)
1505 1687 1562 1711 Eo-

80 1724 209 1755 demque
232 1725 255 1748 F
279 1725 304 1749 l.
384 1724 409 1755 s)
435 1724 600 1755 Gregorius
622 1727 648 1750 D
673 1727 699 1752 2.
723 1728 749 1752 3.
831 1728 852 1757 t)
877 1728 1047 1752 faciendam
1072 1727 1104 1751 C.
1128 1728 1165 1752 D.
1188 1728 1201 1751 I
1226 1729 1253 1751 1.
1342 1725 1372 1758 u)
1396 1726 1563 1757 inpendere

78 1763 102 1787 B
128 1764 172 1788 la.
196 1763 230 1788 G.
255 1763 268 1787 l
291 1764 324 1793 23
347 1764 391 1788 sol
412 1765 573 1795 inpenderi
596 1766 618 1789 F
642 1767 674 1795 13
696 1766 810 1791 studuit
831 1767 1008 1798 impendere
1031 1767 1053 1790 F
1076 1767 1109 1797 53
1132 1767 1210 1790 sicut
1228 1768 1293 1797 pos-t
1315 1766 1365 1791 del,
1390 1766 1412 1789 F
1437 1767 1462 1798 1,
1492 1766 1564 1789 deese

84 1801 110 1826 G
133 1802 178 1827 5c.
204 1817 237 1821 —
262 1803 488 1828 renuntiantem
511 1805 533 1828 F
558 1806 584 1829 1.
666 1804 696 1836 v)
720 1806 756 1829 de
783 1820 811 1824 -
837 1806 1009 1831 fundendus
1032 1806 1130 1830 fuerat
1151 1806 1205 1830 ‹ie-5.
1230 1807 1253 1828 (2
1279 1806 1321 1830 50.

83 1888 120 1931 1)
148 1889 195 1922 D.
225 1890 383 1933 Greyorii
409 1891 514 1924 verba
534 1891 693 1934 praefat.
719 1892 755 1923 in
777 1891 834 1924 lib.
855 1892 910 1925 II.
935 1904 1040 1935 super
1064 1892 1297 1926 Ezechielem:
1327 1893 1417 1932 Quia
1444 1891 1563 1924 multis

81 1939 172 1971 curis
210 1940 449 1981 prementibus
475 1940 675 1973 Ezechielis
715 1941 907 1984 prophetae
946 1942 1073 1974 librum
1101 1953 1218 1974 coram
1259 1943 1405 1974 caritate
1445 1945 1562 1974 vestra

79 1990 189 2019 totum
215 1999 277 2030 per
304 1988 461 2020 ordinem
488 1991 698 2031 perscrutari
735 2000 803 2022 non
843 1990 961 2023 licuit:
992 1992 1091 2023 bonis
1129 1991 1314 2024 desideriis
1341 1990 1476 2033 placuit
1501 2000 1562 2032 pa—

80 2047 167 2076 rere,
196 2040 235 2068 ut
261 2037 385 2069 saltem
423 2042 578 2070 extrema
611 2039 685 2070 eius
720 2039 820 2077 visio,
855 2050 944 2081 quac
982 2041 1013 2071 ei
1048 2040 1143 2072 facta
1178 2043 1230 2073 est
1266 2039 1308 2071 de
1337 2038 1500 2070 aedificio
1527 2039 1563 2069 in

80 2089 197 2117 monte
226 2087 425 2125 constituto,
453 2098 542 2128 quae
571 2092 605 2119 et
640 2089 775 2119 cunctis
803 2092 855 2119 est
880 2089 1073 2120 visionibus
1100 2090 1174 2121 eius
1207 2088 1399 2128 obscurior,
1436 2087 1563 2129 exponi

82 2132 271 2165 debuisset.
323 2135 369 2165 Et
394 2135 536 2176 quidem
563 2135 737 2168 voluntati
773 2140 914 2168 vestrae
952 2145 1006 2169 mc
1041 2148 1163 2179 parere
1199 2147 1344 2169 necesse
1372 2140 1436 2168 est.
1489 2134 1561 2167 Sed

83 2180 151 2212 duo
178 2185 257 2213 sunt
280 2193 369 2223 quae
396 2183 462 2214 hac
490 2185 524 2215 in
551 2195 587 2215 re
616 2184 819 2226 perturbant
846 2187 998 2217 animum
1027 2197 1153 2225 meum,
1189 2196 1307 2224 unum,
1348 2185 1442 2227 quod
1470 2184 1560 2215 haec

84 2228 207 2260 eadem
239 2231 327 2262 visio
366 2234 485 2263 tantae
515 2232 738 2265 obscuritatis
774 2233 911 2265 nebulis
944 2235 1085 2275 tegitur,
1126 2238 1164 2266 ut
1197 2235 1255 2266 vix
1291 2235 1327 2265 in
1355 2244 1397 2265 ea
1425 2231 1559 2274 aliquid

81 2277 263 2309 intellectu
302 2279 532 2312 interlucente
568 2281 747 2321 videatur3
786 2281 894 2321 aliud,
930 2282 1022 2323 quod
1058 2284 1128 2314 iam
1154 2282 1383 2324 Agilulphum
1419 2282 1559 2322 Lango-

82 2325 271 2357 bardorum
298 2337 416 2367 regem
436 2328 481 2358 ad
509 2328 727 2361 obsidionem
755 2334 907 2361 nostram
935 2341 1153 2373 summopere
1180 2332 1404 2363 festinantem
1424 2330 1560 2361 Padum

82 2373 248 2405 transisse
277 2376 523 2416 cognovimus;
560 2378 651 2409 unde
680 2383 838 2420 pensate,
866 2379 989 2411 fratres
1018 2380 1199 2419 carissimi,
1233 2380 1268 2410 in
1296 2379 1499 2420 caliginosis
1527 2381 1561 2408 et.

82 2423 238 2463 mysticis
266 2423 424 2455 sensibus
459 2429 642 2466 penetrare
671 2426 754 2467 quid
790 2427 907 2459 valeat
938 2438 1036 2459 mens
1072 2428 1208 2466 misera,
1243 2428 1376 2459 timoris
1404 2427 1457 2458 sui
1482 2435 1559 2467 per-

84 2471 339 2503 turbationibus
379 2477 551 2515 occupata
590 2479 649 2505 etc.
704 2474 863 2507 Recitata
901 2486 980 2507 vero
1020 2474 1167 2507 homelia
1206 2474 1329 2506 XXII.
1370 2474 1454 2507 haec
1489 2474 1559 2505 ait:

82 2520 192 2551 Nemo
220 2524 336 2551 autem
363 2531 418 2552 me
446 2522 689 2563 reprehendat,
717 2524 745 2554 si
772 2528 850 2565 post
876 2524 966 2555 hanc
992 2524 1205 2555 locutionem
1242 2534 1438 2563 cessavero,
1467 2524 1559 2565 quia⁷

81 2570 172 2601 sicut
190 2580 309 2601 omnes
338 2571 490 2611 cernitis,
517 2574 655 2602 nostrae
681 2571 925 2604 tribulationes
953 2576 1189 2604 excreverunt.
1240 2572 1404 2614 Undique
1431 2571 1560 2613 gladiis

84 2618 285 2650 circumfusi
313 2629 441 2659 sumus,
476 2619 630 2661 undique
667 2621 851 2653 imminens
879 2623 997 2654 mortis
1032 2621 1227 2664 periculum
1262 2623 1436 2653 timemus.
1487 2619 1558 2652 Alii

84 2666 299 2699 detruncatis
326 2667 371 2699 ad
398 2678 459 2700 nos
494 2669 655 2701 manibus
690 2669 847 2709 redeunt,
883 2670 943 2701 alii
971 2672 1075 2713 capti,
1111 2671 1171 2702 alii
1210 2671 1409 2712 interempti
1436 2669 1557 2701 nunci-

83 2719 197 2748 antur.
248 2717 322 2747 Iam
347 2727 453 2759 cogor
479 2716 634 2759 linguam
654 2718 697 2749 ab
727 2719 943 2760 expositione
970 2721 1132 2760 retinere,
1160 2720 1242 2761 quia
1260 2719 1381 2751 taedet
1407 2719 1557 2750 animam

83 2775 195 2797 meam
222 2766 316 2797 vitae
343 2776 442 2797 meae
470 2771 530 2798 etc.
560 2767 620 2798 131.
721 2766 759 2807 2)
786 2767 868 2810 lssey.
897 2767 961 2808 IX,
990 2769 1046 2801 43.

1186 2836 1251 2867 10*

1581 366 1636 392 598
1647 366 1660 391 ἵ)

1579 962 1643 987 599.

1581 1000 1589 1008 ⁸
1603 1009 1631 1033 p.
1657 1002 1720 1027 119.
