1852 3141
122 712 169 745 ’μ
183 714 230 740 28.

244 155 287 187 22
550 153 694 185 PAULI
722 152 951 185 HISTORIA
978 151 1421 185 LANGOBARDORUM.

356 263 469 305 Sunt
499 263 667 318 quidem
699 277 808 317 quae
847 262 1029 302 suadere
1054 263 1241 315 possint,
1283 262 1522 303 Historiam
1553 262 1726 317 Lanqo-

243 320 477 361 bardorum
508 334 592 359 non
625 318 747 358 semel
777 317 934 357 editam
967 330 1067 367 esse,
1097 317 1170 357 sed
1199 317 1267 357 illi
1297 333 1405 372 quae
1435 319 1482 358 in
1511 317 1644 370 pleris
1678 331 1726 358 ue

243 380 382 416 exstat
412 374 628 414 codicibus
659 372 761 412 libri
776 372 954 425 formae
986 371 1121 411 aliam
1147 374 1444 425 praecessisse.
1499 374 1553 413 In
1583 332 1725 413 injice

245 431 356 470 enim
388 430 578 482 capitum
609 428 711 468 libri
742 427 807 467 VI.
835 426 987 467 ultima
1009 427 1094 467 duo
1116 427 1311 480 capitula
1332 443 1419 468 non
1440 434 1591 469 notata
1612 434 1725 479 sunt,

245 483 367 526 semel
396 487 519 523 etiam
554 482 804 523 antecedens
825 482 925 535 (ὃὸ)
954 483 1168 534 omissum,
1200 488 1236 522 et
1264 483 1365 536 ipsa
1397 484 1499 524 haec
1530 483 1727 538 capitula

246 539 456 591 (56-58)
488 538 629 579 codici
667 538 819 579 desunt
858 539 934 593 qui
974 537 1240 593 singularem
1276 537 1408 579 Pauli
1443 540 1727 580 recensionem

239 594 418 648 praebet
439 594 504 646 (B
524 593 550 633 2
574 593 700 647 infra
721 594 1041 645 nominandus;
1063 594 1105 634 B
1133 592 1364 647 ljamflne
1385 593 1610 635 destitutus
1631 597 1727 646 est).

246 649 364 690 Haec
396 663 483 690 non
514 663 617 690 raro
640 649 770 689 Pauli
799 649 927 689 verba
948 650 1142 700 mutavit,
1174 649 1387 703 quaedam
1410 648 1536 689 aliter
1555 663 1726 703 expres-

244 706 321 756 sit,
353 705 567 759 quaedam
596 705 722 745 etiam
753 705 939 756 addidit,
971 720 1080 759 quae
1112 704 1163 744 ab
1195 705 1316 758 *ipso
1340 710 1512 745 auctore
1527 704 1727 758 profecta

245 774 330 801 esse
361 760 528 800 credere
554 774 715 814 posses,
775 759 861 801 Sed
899 760 989 800 alia
1027 775 1079 800 esc
1109 774 1252 800 errore
1292 766 1399 800 nata
1437 760 1639 800 videntur
1667 759 1730 799 vel

245 821 352 856 certe
373 815 510 856 Paulo
532 816 653 856 haud
673 815 904 856 tribuenda
921 816 975 869 (I,
993 815 1058 855 21.
1081 814 1263 869 adalingi
1279 830 1366 869 pro
1387 814 1595 869 Lithingi3
1613 815 1672 868 II,
1688 813 1728 855 9.

244 869 543 921 machedonus,
573 870 827 911 vocabulum
860 885 1045 924 prorsus
1084 871 1333 911 inauditum
1360 885 1444 925 pro
1484 870 1728 924 marpahis),

244 927 308 966 ita
346 932 393 965 ut
433 927 722 980 conjecturam
761 926 881 967 'illam
918 933 1055 967 tenere
1095 928 1170 967 vise
1207 926 1345 967 liceat.
1404 925 1537 968 Pauli
1570 927 1728 967 librum

245 981 496 1035 neutiquam
526 982 911 1036 9rammastcorum
948 997 1104 1023 manus
1143 983 1340 1033 evasisse,
1382 983 1458 1037 qui
1498 996 1727 1023 sermonem

245 1036 545 1091 eleqantiorem
585 1037 761 1078 reddere
801 1038 1030 1090 studerent,
1072 1037 1172 1078 aliis
1210 1037 1427 1078 codicibus
1467 1038 1729 1092 comparatis

245 1092 480 1133 edocemur.

357 1147 473 1187 Nam
503 1162 600 1188 mos:
623 1148 822 1188 Historia
846 1148 940 1188 Lan
946 1148 1238 1203 qobcti²dow·ztni
1259 1163 1463 1203 maqnam
1473 1148 1650 1202 famum
1671 1153 1730 1188 est

246 1208 376 1242 nacta
397 1203 686 1257 latissimeque
707 1203 949 1258 divultqata.
990 1203 1192 1244 Andreas
1213 1204 1450 1259 Berqomas
1473 1210 1509 1243 et
1536 1203 1617 1244 alii
1639 1218 1730 1243 eam

247 1258 592 1298 continuandam
622 1265 925 1312 susceperunt,·
957 1260 1285 1312 Ercleempertus
1314 1274 1381 1299 res
1401 1259 1732 1299 Beneventanas

245 1318 389 1367 qestas
430 1313 730 1366 descripturus
761 1314 820 1354 ad
856 1315 950 1368 ejus
991 1314 1229 1367 eoeemplum
1266 1320 1483 1367 provocat.
1544 1313 1733 1367 Saepius

247 1373 446 1421 eoecerpta
465 1367 612 1421 facta,
643 1369 767 1409 modo
798 1375 845 1408 ut
864 1384 932 1409 res
952 1369 1345 1423 Langobardorum
1375 1369 1544 1409 brevius
1577 1384 1732 1409 narra-

247 1429 411 1474 rentur,
442 1424 565 1464 modo
595 1425 659 1464 ita
680 1430 727 1463 ut
747 1438 798 1464 ea
820 1439 929 1478 quae
952 1424 1011 1464 acl
1031 1439 1098 1465 res
1120 1424 1345 1465 Romanas
1367 1430 1403 1464 et
1424 1423 1732 1465 ecclesiasticas

238 1478 517 1531 pertinebant
544 1480 782 1532 separatim
814 1479 1153 1521 describerentur
1174 1482 1261 1531 (ita
1290 1482 1338 1520 in
1370 1479 1459 1520 cod.
1486 1478 1731 1520 Clzeltenha-

247 1535 384 1574 mensi
415 1549 447 1574 s.
478 1534 576 1586 IX).
653 1534 865 1589 Quotquot
904 1536 955 1576 de
994 1537 1118 1576 rebus
1148 1535 1495 1590 Langobardicis
1535 1541 1571 1575 et
1607 1534 1732 1576 Italis

241 1595 395 1644 postea
430 1596 620 1643 eqerunt,
662 1590 794 1631 Pauli
830 1590 938 1631 libro
978 1592 1049 1631 usi
1087 1597 1225 1632 sunt1.
1285 1591 1402 1630 Inter
1440 1605 1546 1643 quos
1581 1597 1732 1631 auctor

248 1645 324 1698 qui
361 1643 491 1685 Gesta
535 1646 833 1699 episcoporum
872 1645 1264 1699 Neapolitanorum
1308 1646 1502 1686 condidit
1537 1647 1733 1699 primum

248 1700 296 1740 in
319 1700 451 1740 Italia
472 1698 607 1740 locum
630 1700 814 1741 obtinere
834 1701 1025 1752 videtur;
1047 1702 1094 1741 in
1115 1701 1309 1741 Francia
1330 1701 1501 1755 Reuqino
1514 1707 1541 1739 ².
1579 1700 1730 1741 Postea

249 1755 377 1795 etiam
412 1769 556 1795 rerum
587 1755 865 1796 Danicarum
902 1758 1087 1810 scriptor
1117 1756 1238 1797 Samo
1271 1755 1589 1796 Grammaticus
1618 1756 1732 1796 Pau—

248 1810 334 1850 lum
366 1811 595 1864 eaescripsit
607 1816 635 1850 ³.
684 1810 857 1852 Codices
887 1826 982 1852 vero
1013 1811 1348 1852 innumerabiles
1366 1810 1467 1865 fere
1489 1825 1574 1864 per
1603 1817 1729 1851 totam

249 1865 474 1919 Europam
503 1868 662 1919 sparsi,
693 1867 756 1906 ita
787 1873 833 1906 ut
862 1867 937 1906 viae
967 1867 1099 1907 ullum
1121 1881 1230 1921 opus
1252 1867 1516 1917 historicum,
1538 1867 1577 1906 si
1597 1881 1732 1906 unum

249 1921 438 1961 Martini
465 1921 754 1975 Oppaviensis
784 1922 1017 1963 chronicon
1039 1923 1248 1975 eoecipias,
1272 1936 1355 1975 per
1374 1922 1560 1962 medium.
1582 1935 1732 1962 aevum

249 1977 367 2016 toties
396 1978 450 2017 sit
479 1977 738 2030 descriptum
779 1992 907 2031 quam
937 1977 1069 2018 Pauli
1099 1978 1298 2018 Historia
1327 1977 1732 2031 Lanyobavdorum.

249 2031 501 2072 Etiamnum
540 2030 642 2085 plus
687 2047 816 2086 quam
860 2039 1022 2073 centum
1069 2038 1237 2072 eoestant
1279 2032 1382 2072 libri
1429 2033 1732 2085 manuscripti,

250 2088 334 2127 sive
364 2087 538 2141 inteqri,
570 2088 656 2127 sive
685 2087 879 2140 mutili4,·
911 2088 1096 2128 aliorum
1118 2087 1241 2141 apud
1259 2088 1509 2127 recentioris
1531 2088 1733 2140 temporis

250 2143 479 2195 scriptores
496 2143 692 2183 notitiam
711 2143 934 2194 liabemus;
956 2157 1043 2183 non
1053 2143 1195 2196 pauci
1203 2156 1390 2196 prorsus
1405 2142 1730 2182 interciderunt.

251 2236 343 2277 quod
378 2241 498 2267 contra
525 2236 738 2268 Bethmanni
771 2235 975 2268 sententiam
1011 2241 1041 2268 et
1076 2241 1196 2268 contra
1231 2235 1386 2269 codicum
1423 2235 1554 2277 aliquot
1581 2234 1731 2268 auctori-

250 2288 354 2315 tatem
380 2294 422 2315 ae
450 2289 480 2315 ct
505 2295 575 2315 non
603 2294 620 2315 e
647 2283 782 2325 scripsi,
811 2283 924 2316 codice
951 2285 1175 2325 epistolarum
1203 2283 1361 2326 Greyorii
1387 2282 1597 2316 Adalhardo
1615 2289 1730 2316 trans-

249 2330 352 2363 misso
387 2332 616 2373 approbatur.
686 2332 729 2363 In
763 2330 874 2373 ipsius
911 2331 1075 2373 epistolae
1115 2332 1298 2374 specimine
1333 2344 1354 2364 a
1397 2330 1603 2364 Mabillom'o
1640 2332 1729 2364 edito

250 2379 394 2422 legitur.-
422 2383 569 2419 aestate,
597 2384 689 2419 tuae,
716 2390 791 2423 pre.
893 2381 929 2421 1)
960 2379 1113 2419 Quorum
1139 2391 1302 2424 magnam
1322 2386 1464 2422 partem
1499 2381 1599 2422 affert
1625 2380 1730 2412 Beth-

248 2439 357 2460 mann
375 2439 416 2469 p.
453 2428 535 2459 316.
599 2426 759 2460 Omnium
791 2428 944 2470 primum
976 2428 1202 2461 Einhardum
1235 2427 1392 2461 nominat
1403 2440 1413 2466 ,·
1450 2429 1511 2461 sed
1543 2427 1657 2461 nescio
1683 2439 1731 2460 an

251 2475 299 2508 ad
328 2486 479 2508 errorem
507 2476 632 2507 ductus
659 2474 789 2508 Pertzii
821 2477 945 2516 verbis,
981 2476 1045 2509 SS.
1082 2476 1134 2518 II,
1163 2489 1205 2520 p.
1230 2478 1311 2516 429,
1340 2475 1399 2519 qui
1425 2489 1466 2518 p.
1502 2477 1585 2509 431.
1624 2476 1729 2508 Gesta

250 2529 385 2555 tantum
420 2523 657 2566 episcoporum
692 2524 913 2556 sslettcnsium
947 2524 1093 2557 indicat.
1208 2524 1245 2566 2)
1271 2523 1359 2557 Ante
1394 2535 1472 2557 eum
1514 2522 1730 2566 Walafridus

251 2570 376 2603 Strabo
403 2572 511 2604 Pauli
539 2572 644 2605 Gesta
670 2571 985 2615 Lanyobardorum
1007 2574 1142 2613 laudat,
1170 2573 1224 2606 De
1242 2573 1312 2605 div.
1332 2573 1388 2614 off.
1407 2584 1434 2605 c.
1456 2573 1512 2612 28,
1540 2573 1592 2605 ed.
1611 2570 1730 2614 IPqune

253 2617 380 2658 CXIV,
401 2631 441 2661 p.
470 2620 551 2652 962.
651 2620 688 2662 3)
718 2621 740 2653 l.
778 2621 882 2662 VIII,
910 2621 962 2654 ed.
990 2622 1119 2654 Muller
1137 2633 1178 2663 p.
1215 2620 1284 2652 418
1311 2632 1360 2662 sq.
1468 2618 1505 2662 4)
1531 2619 1731 2652 Betkmann

253 2677 285 2697 a.
315 2666 419 2697 1851.
449 2667 571 2708 (Arch.
597 2668 641 2708 X,
665 2680 702 2709 p.
730 2669 816 2710 319)
847 2669 891 2700 98
917 2675 1078 2709 recenset,
1109 2671 1151 2700 15
1177 2667 1373 2711 deperditos
1392 2668 1494 2710 luyet.
1545 2668 1653 2699 Hunc
1679 2679 1728 2700 se-

252 2713 371 2754 quitur
396 2714 492 2755 Abel,
525 2715 661 2748 Transi.
687 2727 723 2757 p.
750 2716 850 2757 XXI,
878 2716 938 2759 qui
967 2718 1034 2747 114
1069 2723 1166 2750 notos
1201 2727 1270 2749 esse
1305 2715 1399 2748 dicit.
1453 2715 1556 2748 Nunc
1584 2716 1650 2747 108
1677 2715 1729 2747 in-

252 2760 381 2801 dicare,
410 2773 438 2794 c.
466 2763 510 2793 20
537 2763 733 2803 deperditos
761 2766 886 2805 afferre
914 2764 1000 2796 licet.

1845 1148 1852 1515 ‚ma-*Q
1848 1099 1852 1131 ..-
1848 1078 1852 1092 -.
