1852 3141
258 106 402 139 PAULI
432 105 661 138 HISTORIA
687 103 1129 137 LANGOBARDORUM.
1182 103 1275 134 LIB.
1302 103 1344 135 V.
1488 101 1554 132 201

83 224 155 269 est,
187 231 422 272 corpusque
452 215 560 256 illius
583 215 701 256 iuxta
731 213 949 254 basilicam
981 213 1138 254 domini
1162 212 1402 265 Salvatoris,
1435 225 1560 266 quam
1575 228 1651 254 688?

81 273 267 327 Aripert,
315 273 428 313 eiusa
472 271 648 326 genitor,
694 276 1005 322 construxerat,
1058 267 1267 324 sepultum
1318 274 1391 310 est.
1462 267 1564 307 Fuit

80 334 219 368 autem
259 328 440 368 staturab
481 326 646 378 decens,
687 339 863 380 corpore
892 324 1036 379 pleno,
1078 324 1190 365 mitis
1229 339 1304 379 per
1342 323 1483 363 omnia
1524 329 1564 363 et

81 384 231 423 suavis.
291 384 348 422 At
376 397 475 424 vero
508 381 766 436 Cunincpert
795 395 871 420 rex
902 379 1192 421 Hermelindac
1231 380 1311 419 exd
1344 378 1563 420 Saxonum

79 437 313 492 Anglorum
358 452 510 492 genere
555 437 678 477 duxit
721 450 910 476 uxorem.
991 434 1139 486 Quaee
1185 449 1282 475 cum
1328 434 1369 474 in
1413 433 1563 475 balneo

81 493 384 545 Theodotemf,
415 491 596 548 puellam
627 506 680 532 ex
709 490 967 532 nobilissimo
1004 490 1288 530 Romanorum
1319 504 1472 544 genere
1503 503 1565 529 01·-

80 556 208 602 tamg,
253 548 433 603 eleganti
471 562 646 602 corpore
691 547 757 588 eth
796 545 915 586 flavis
957 545 1218 600 prolixisque
1261 544 1422 599 capillis
1457 559 1565 599 pene

82 605 234 659 usquei
277 605 331 645 ad
373 603 502 657 pedes
550 603 789 644 decoratam
830 601 1022 653 vidisset,
1079 602 1168 641 eius
1207 599 1565 655 pulchritudinem

82 660 188 700 suok
219 660 308 700 viro
354 659 639 713 Cuninoperto
685 658 775 711 regi
818 656 1019 697 laudavit.
1078 656 1163 708 Qui
1198 655 1250 696 ab
1292 656 1442 696 uxore¹
1487 655 1567 695 hoc

80 714 258 755 libenter
278 715 424 756 audire
447 712 727 763 dissimulans,
758 713 800 751 in
822 727 1025 766 magnum
1050 718 1192 752 tamen
1214 709 1377 766 puellae
1409 710 1567 751 exarsit

80 779 324 823 amoremffl3
363 784 441 810 nec
475 783 614 821 mora,
651 774 847 809 venatum
861 775 878 793 ¹¹
918 768 960 806 in
999 766 1172 807 silvam⁰
1214 781 1340 821 quam
1379 765 1567 806 Urbemp

82 825 293 880 appellant
322 825 509 881 perrexit
539 838 766 878 secumque
780 831 796 856 ‘1
828 836 946 862 suam
977 823 1222 876 coniugemr
1243 820 1566 861 Hermelindam

83 881 223 921 venire
245 881 472 935 praecepit.
524 880 608 930 Qui
639 878 792 920 exinde
812 884 941 918 noctu
962 876 1194 932 egrediens,
1226 876 1420 916 Ticinum
1442 875 1568 927 venit,

83 942 124 977 et
152 936 231 976 ads
271 951 314 976 se
352 935 611 976 Theodotem
641 933 822 989 puellam
853 933 996 974 venire
1026 932 1195 984 faciens,
1235 946 1329 972 cum
1363 934 1436 972 eat
1474 945 1570 971 con-

84 990 240 1032 cubuit.
300 992 437 1043 Quam
468 997 609 1031 tamen
629 995 775 1045 postea
805 990 847 1029 in
879 989 1190 1039 monasterium,
1223 987 1336 1042 quod
1358 987 1438 1027 deu
1460 985 1570 1026 illius

83 1047 249 1087 nomine
278 1047 414 1087 intrav
446 1046 641 1086 Ticinum
671 1044 929 1100 appellatum
963 1051 1057 1096 est1,
1089 1044 1213 1084 misit.

194 1102 259 1143 38.
318 1101 465 1142 Alabis
495 1116 594 1142 vero
616 1101 700 1141 iam
722 1101 880 1142 dudum
903 1106 1153 1154 conceptam
1184 1099 1447 1153 iniquitatem
1490 1112 1571 1137 1111·-

83 1157 253 1209 turienS,
284 1157 567 1198 adnitentibus
593 1156 756 1197 Aldone
787 1165 827 1197 et
859 1155 1107 1196 Grausonew
1138 1154 1363 1194 Erexianis
1395 1112 1571 1203 civibus,

85 1212 159 1253 sed
189 1219 230 1254 et
258 1212 349 1254 aliis
379 1212 520 1253 multis
551 1227 604 1253 ex
634 1211 939 1266 Langobardis,
981 1209 1134 1250 oblitus
1175 1216 1418 1250 tantorumX
1447 1208 1571 1249 bene-

84 1268 275 1309 ficiorum
323 1283 429 1323 quae
469 1269 514 1308 in
558 1282 653 1307 eum
698 1282 774 1308 rex
816 1266 1076 1320 Cunincpert
1114 1264 1375 1320 inpenderat,
1417 1262 1571 1304 oblitus

85 1324 211 1364 etiam
241 1323 531 1364 iusiurandum
562 1331 677 1378 quoy
701 1323 803 1363 eise
833 1320 1121 1362 fidelissimum
1152 1334 1241 1361 0550
1273 1318 1571 1374 spoponderat,

87 1393 181 1419 cum
227 1378 487 1434 Cunincpert
530 1379 732 1431 abessctz,
777 1392 955 1431 regnum
1001 1377 1090 1417 eius
1135 1382 1176 1416 et
1214 1374 1418 1430 palatium
1462 1374 1573 1414 intra

86 1434 281 1474 Ticinum
301 1435 484 1490 positum
514 1434 677 1474 invasit.
735 1433 861 1485 Quod
891 1432 1148 1486 Cuninepert
1168 1431 1241 1473 ubi
1262 1437 1350 1471 erat
1379 1429 1568 1481 audiens,

87 1490 255 1530 stathna
286 1490 340 1531 ad
369 1488 562 1541 insulam,
595 1503 702 1544 quae
732 1490 841 1529 intra
880 1487 1017 1528 lacum
1048 1487 1247 1527 Lariumb
1278 1500 1361 1526 non
1392 1485 1516 1539 longe
1547 1499 1574 1524 a

87 1544 244 1586 Comoc
276 1553 349 1598 est,
381 1544 568 1599 confugit
608 1544 750 1598 ibique
791 1545 867 1585 sed
897 1543 1058 1584 fortiter
1095 1542 1382 1583 communivit.
1441 1541 1573 1581 Facta

87 1607 150 1642 est
180 1608 319 1642 autem
350 1615 505 1655 magna
543 1599 756 1642 tribula-tio
798 1599 993 1640 omnibus
1032 1599 1102 1653 qui
1133 1613 1228 1639 eum
1259 1595 1503 1651 diligebant,
1533 1601 1575 1636 et

86 1657 270 1697 maxime
301 1655 587 1697 sacerdotibus
618 1662 660 1696 et
689 1654 861 1707 clericis,
893 1669 997 1709 quos
1028 1667 1172 1694 omnes
1202 1651 1376 1693 Alabise
1418 1665 1571 1692 exosos

86 1710 280 1752 habebat.
338 1712 442 1752 Erat
478 1717 619 1751 autem
660 1725 708 1751 eo
738 1718 929 1765 tempore
966 1709 1201 1750 Ticinensis
1244 1706 1444 1748 ecclesiae
1487 1707 1571 1762 epi-

88 1781 239 1822 scopus
260 1767 325 1808 vir
339 1766 513 1807 Domini
534 1766 785 1819 Damianus,
803 1765 1022 1806 sanctitate
1043 1765 1309 1820 praecipuus,
1332 1761 1575 1803 liberalibus

87 1823 247 1863 artibus
278 1822 534 1863 sufficienter
561 1823 800 1863 instructus.
859 1821 900 1861 Is
932 1835 1025 1861 cum
1048 1819 1194 1860 Alabis
1225 1819 1428 1874 palatium
1459 1819 1575 1859 inva—

88 1878 189 1919 sisse
219 1879 458 1934 respiceret,
488 1878 563 1919 nes
593 1877 694 1933 quid
714 1876 767 1918 ab
791 1891 839 1918 eo
860 1877 951 1932 ipse
972 1874 1041 1917 vel
1062 1883 1167 1916 suag
1189 1873 1366 1915 ecclesia
1386 1873 1573 1914 adversih

88 1985 118 2018 a)
141 1987 212 2010 deest
234 1986 256 2010 F
280 1988 293 2010 1
318 1986 393 2019 (post
416 1993 482 2017 gen.
505 1984 623 2017 suppl).
648 1985 673 2011 G
698 1986 723 2011 2.
747 1986 773 2009 3.
865 1983 895 2016 b)
920 1987 1064 2010 staturam
1088 1985 1192 2009 decem
1214 1984 1237 2008 F
1263 1985 1286 2008 1.
1380 1980 1406 2014 c)
1430 1982 1469 2006 ι’(α
1491 1981 1517 2006 Α
1541 1983 1573 2012 1;

87 2025 267 2051 Ermelinda
290 2024 316 2050 G
339 2026 371 2056 23
403 2025 631 2051 Hermelindam
665 2023 691 2049 A
715 2026 741 2050 2.
767 2023 797 2049 C.
820 2024 858 2048 D.
882 2024 914 2049 F.
941 2023 966 2049 G
989 2025 1023 2054 4;
1054 2023 1285 2048 Hermilendam
1307 2022 1331 2047 A
1354 2022 1389 2051 43
1421 2021 1572 2045 Ermeliu-

88 2064 155 2089 dam
177 2065 200 2088 B
225 2065 257 2095 23
280 2064 516 2090 Hermelendam
537 2065 561 2088 Ε
587 2065 618 2095 1;
642 2063 870 2087 Hermizindam
895 2062 1006 2096 (postea
1029 2061 1171 2094 Hermil.)
1195 2061 1220 2086 A
1243 2062 1272 2086 3.
1335 2060 1364 2092 d)
1388 2062 1417 2084 et
1438 2060 1463 2084 A
1487 2060 1513 2085 1.
1540 2073 1573 2077 —

89 2102 238 2128 Sasonum
271 2102 292 2128 C
314 2102 359 2134 ⁸13
391 2110 557 2128 exasonum
587 2102 776 2131 Augulorum
811 2102 897 2135 (corr.
920 2100 1097 2133 Anglorum)
1131 2101 1153 2126 C
1179 2102 1203 2126 l.
1304 2099 1331 2131 e)
1355 2099 1465 2129 reliqua
1488 2104 1577 2128 usque

89 2142 126 2166 ad
141 2142 227 2173 finem
248 2142 312 2165 libri
334 2149 386 2167 om.
410 2142 436 2166 A
459 2140 498 2167 ’4.
588 2140 611 2173 f)
634 2141 822 2166 'I'heodotam
846 2140 867 2165 C
893 2141 917 2165 1.
944 2141 972 2166 2.
996 2140 1021 2165 G
1044 2141 1088 2166 50.
1113 2141 1126 2164 I
1151 2142 1181 2170 13
1205 2139 1366 2164 Teudoten
1390 2137 1415 2162 G
1439 2137 1474 2167 3;
1496 2136 1574 2162 Teu-

90 2181 189 2205 dotam
222 2179 248 2205 G
271 2178 308 2204 ⁸5.
409 2180 438 2212 g)
463 2182 528 2205 orta
551 2179 575 2205 G
599 2181 633 2210 23
668 2182 803 2204 ornatam
828 2179 849 2204 C
874 2179 957 2203 1—3.
982 2180 994 2203 I
1020 2180 1043 2210 l,
1075 2186 1149 2205 corr,
1184 2181 1279 2202 ortam
1312 2178 1338 2202 D
1364 2177 1388 2201 1.
1427 2190 1459 2194 -
1489 2175 1528 2200 el.
1553 2182 1577 2200 e.

89 2219 144 2245 deS.
171 2218 195 2243 G
217 2219 250 2250 45
283 2219 323 2245 el.
350 2234 382 2237 —
404 2219 531 2243 vidisset
560 2219 590 2242 in
612 2226 700 2249 marq.
723 2219 814 2249 suppl.
850 2219 875 2242 D
901 2219 927 2243 1,
1018 2217 1047 2250 11)
1069 2218 1140 2241 deest
1163 2218 1184 2240 F
1209 2219 1222 2242 1
1258 2216 1334 2249 (post
1357 2213 1475 2246 suppl).
1500 2213 1525 2239 G
1550 2214 1575 2238 2.

91 2257 112 2291 i)
135 2266 165 2283 u.
189 2258 226 2282 ad
247 2258 302 2282 cles.
326 2257 351 2283 G
370 2259 394 2282 2.
496 2256 527 2289 k)
550 2257 621 2281 deese
644 2258 666 2281 F
682 2259 706 2281 1.
730 2256 755 2281 G
779 2257 864 2281 2-4,
900 2270 932 2275 -
968 2256 1032 2280 viro
1055 2257 1126 2280 deest
1151 2256 1215 2281 (44.
1317 2254 1339 2285 1)
1364 2260 1488 2279 uxorem
1512 2252 1534 2277 C
1549 2254 1574 2277 1.

93 2312 126 2316 -
150 2298 205 2322 hoc
228 2297 298 2321 deest
322 2296 348 2321 G
371 2297 395 2322 3.
487 2295 527 2327 m)
551 2303 653 2320 amore
677 2295 702 2320 G
726 2296 751 2319 2.
854 2293 884 2327 11)
908 2295 979 2319 deest
1011 2295 1036 2318 A
1060 2296 1086 2320 3.
1188 2293 1217 2326 ο)
1241 2295 1318 2318 silva
1350 2292 1375 2316 A
1399 2294 1425 2318 3.
1451 2291 1475 2316 G
1499 2292 1525 2317 2.
1547 2292 1577 2316 3.

91 2334 122 2368 p)
146 2335 257 2361 Urbani
281 2336 306 2359 G
319 2334 358 2361 ·5.
411 2336 441 2369 q)
464 2342 627 2365 secumque
643 2349 672 2352 —-
688 2334 843 2365 praecepit
865 2334 920 2359 des.
944 2334 980 2358 D.
1034 2332 1059 2365 r)
1083 2340 1137 2357 sua
1159 2333 1288 2362 coniuge
1304 2332 1329 2356 G
1343 2332 1369 2357 3.
1432 2330 1456 2363 s)
1480 2330 1575 2355 aG2.

90 2374 112 2407 t)
135 2374 236 2407 h(a)ec
268 2375 290 2398 F
316 2376 338 2399 1.
373 2374 496 2399 (12.3.
522 2372 566 2404 ‘5;
608 2374 664 2397 hac
697 2373 722 2398 G
745 2373 773 2397 4.
895 2371 926 2403 u)
951 2372 1029 2402 quod
1062 2372 1144 2396 illius
1176 2378 1286 2396 nomen
1320 2371 1342 2395 F
1368 2372 1394 2401 13
1433 2378 1460 2400 q.
1494 2369 1578 2393 illius

92 2415 214 2438 nomine
238 2413 263 2438 G
286 2414 311 2438 2.
393 2412 422 2445 v)
446 2413 464 2438 i.
488 2413 522 2437 T.
545 2413 600 2436 des.
624 2412 658 2437 G.
739 2410 777 2443 w)
803 2411 940 2436 Grasone
963 2413 987 2436 Α
1004 2412 1027 2443 1,
1051 2418 1124 2435 corr.
1149 2410 1306 2435 Grausone
1328 2410 1354 2433 D
1379 2410 1410 2438 13
1434 2409 1580 2433 Gausone

92 2451 118 2476 A
143 2454 173 2483 23
196 2452 385 2477 Grausonem
407 2453 430 2476 F
455 2453 480 2476 1.
562 2450 592 2482 x)
617 2454 769 2476 tantorum
794 2465 826 2468 —
851 2450 1029 2482 inpenderat
1050 2450 1105 2474 des.
1132 2449 1157 2474 G
1180 2447 1225 2479 ’ὃς
1247 2449 1296 2473 hoc
1318 2449 1377 2472 Ioco
1396 2447 1487 2478 paryic
1512 2446 1537 2471 G
1552 2448 1577 2470 1.

93 2490 124 2523 y)
148 2492 228 2522 quod
249 2492 273 2516 A
297 2492 323 2516 2.
348 2491 374 2516 3.
397 2492 421 2516 Β
445 2492 470 2516 2.
505 2491 539 2515 F.
565 2490 598 2515 G.
701 2488 727 2521 z)
751 2490 869 2514 abesset
903 2503 935 2506 ——
970 2489 1055 2518 Quod
1077 2489 1133 2513 des.
1167 2488 1189 2512 C
1214 2489 1238 2513 1.
1343 2486 1370 2519 a)
1392 2487 1462 2510 dces!
1486 2484 1518 2510 C.
1540 2485 1576 2511 D.

92 2530 123 2562 b)
146 2530 291 2561 Largium
315 2530 340 2555 G
364 2530 391 2555 4.
475 2528 498 2561 c)
522 2529 638 2559 Quomo
660 2529 683 2553 F
710 2530 741 2559 13
765 2528 858 2553 Cumo
881 2528 904 2552 F
927 2528 953 2553 4.
979 2528 1002 2552 G
1030 2528 1112 2552 1—4,
1136 2527 1149 2551 Ι
1174 2528 1198 2552 1.
1222 2526 1246 2550 L
1261 2526 1295 2557 13
1319 2525 1414 2550 Cuma
1437 2524 1462 2549 G
1485 2524 1530 2549 5a.
1546 2531 1578 2555 c;

95 2570 206 2594 Cumor
228 2569 253 2594 G
277 2568 323 2600 ’ὃς
358 2568 553 2594 Commacina
574 2569 601 2593 D
625 2569 657 2598 ὅς
691 2568 780 2592 (101110
802 2568 829 2591 1-1
854 2568 877 2591 1.
981 2565 1010 2599 11)
1033 2567 1052 2591 f.
1077 2574 1109 2591 se
1140 2565 1165 2590 A
1189 2564 1228 2590 ‘3.
1323 2563 1351 2596 e)
1375 2564 1473 2589 Alihis
1497 2563 1522 2587 G
1546 2565 1579 2594 1;

95 2608 164 2632 aliis
187 2616 260 2634 corr.
285 2609 336 2632 alii
359 2607 384 2633 G
408 2609 431 2633 2.
457 2622 490 2626 —-
515 2615 539 2632 0.
563 2607 716 2631 habebant
738 2607 763 2631 G
788 2607 812 2632 1.
838 2607 863 2631 2.
954 2604 976 2637 f)
1001 2613 1056 2630 110(-
1079 2604 1104 2629 A
1131 2606 1155 2630 l.
1179 2606 1207 2630 2.
1232 2605 1257 2628 4.
1281 2603 1306 2628 5.
1331 2604 1357 2628 G.
1381 2603 1403 2627 F
1419 2603 1485 2628 1.4.
1511 2602 1532 2626 G
1550 2603 1573 2628 1.

95 2647 166 2678 3.4;
190 2648 263 2678 quod
286 2647 314 2671 in
336 2647 482 2679 archetypo
498 2646 592 2677 faisse
610 2646 747 2677 putarim,
763 2659 795 2663 -
809 2644 889 2676 quod
912 2643 936 2668 A
951 2646 974 2671 2.
1017 2643 1046 2676 g)
1071 2651 1122 2682 sue
1145 2644 1275 2683 ecclesie
1294 2641 1318 2666 A
1334 2643 1359 2667 2.
1401 2640 1432 2674 11)
1456 2642 1526 2666 deest
1541 2640 1581 2671 G,

96 2727 130 2767 1)
159 2725 411 2758 illonasteriam
437 2737 464 2759 s.
492 2724 630 2758 Mariae
663 2724 855 2765 leeoslotis,
885 2724 984 2767 vuslyo
1012 2734 1102 2755 nunc
1129 2723 1222 2755 <Zella
1250 2721 1418 2754 Posterla„
1448 2721 1507 2755 BI.
