1852 3141
371 135 516 168 PAULI
544 135 775 169 HISTORIA
802 135 1242 168 LANGOBARDORUM.
1503 137 1547 168 39

66 249 182 290 modi
211 247 317 288 libro
347 262 452 288 ‘usus
484 253 554 288 est.
609 245 749 288 Codeae
768 246 1059 301 fundamento
1083 246 1256 300 positus
1291 245 1328 286 G
1349 246 1374 286 2
1395 246 1548 288 similis

53 303 177 359 fuit,·
206 303 382 357 formae
413 304 634 344 nominum
674 301 923 344 Samonicae
963 302 1029 343 hic
1071 315 1254 356 quoque,
1295 303 1421 343 immo
1453 317 1549 343 con-

67 359 253 399 stantius
303 373 431 411 quam
490 357 580 398 illic
629 363 878 412 ponuntur,
935 356 990 411 cf.
1030 356 1160 398 Arch.
1210 357 1307 409 VH,
1351 372 1398 411 p.
1440 357 1548 409 293,·

65 414 122 455 Ν.
154 413 284 454 Arch.
316 413 349 465 I,
374 428 422 467 p.
454 412 547 454 557.

182 467 299 523 *(74)
334 467 431 509 Gi).
492 469 806 524 Haaqensis
845 468 927 508 N'r.
964 468 1058 519 907,
1094 467 1262 509 membr.
1301 482 1332 507 s.
1364 467 1437 508 IX.
1468 475 1571 519 eoe.,·
1605 497 1612 505 .
1676 495 1683 502 .

67 539 159 565 una
190 539 322 565 manu
353 525 460 565 satis
490 524 755 578 neyliyenter
784 529 1004 563 escaratus.
1054 522 1223 563 Desunt
1253 524 1311 574 II,
1333 523 1547 576 23-ΙΙΙ,

66 579 132 620 30.
164 579 283 619 34-
303 579 341 631 V,
371 579 410 619 4.
452 579 518 630 VI,
549 579 587 619 3.
618 592 750 633 usque
781 578 840 618 ad
859 578 1005 630 finem.
1055 578 1090 629 I,
1116 578 1182 618 25.
1211 578 1472 634 (patricium)
1496 603 1544 609 ——

65 635 125 686 II,
156 634 194 675 5.
226 634 483 688 (exagitatus
513 635 575 688 in)
597 634 747 674 ordine
776 634 946 674 turbato
966 638 1065 687 post
1087 633 1144 684 II,
1172 633 1237 674 23.
1260 633 1524 676 collocantur
1533 649 1548 687 ,·

77 690 117 743 V,
148 689 273 730 40——
300 690 365 741 Vl,
396 690 433 730 3.
457 695 559 743 post
599 689 640 739 V,
671 688 822 728 4—40.

178 751 269 806 (75)
294 750 403 791 Gba.
455 750 757 792 Vaticanus
778 750 1008 803 reginae
1034 747 1449 790 ChristinaeNr.
1466 749 1546 790 578

69 807 192 860 (olim
212 807 292 847 Nr.
318 805 459 858 1220),
483 820 515 845 s.
546 805 643 845 XII.
667 803 786 845 ‘liber
806 803 963 845 Sancti
981 803 1115 844 Pauli
1143 804 1190 844 in
1215 805 1407 859 Trajecto
1437 804 1545 859 infe-

63 863 200 913 r'iori’,
230 876 322 901 una
341 875 477 901 manu
498 860 633 901 nitide
654 866 875 911 eocaratus,
907 859 971 900 nil
1002 860 1092 900 nisi
1113 859 1356 900 Historiam
1377 860 1547 915 Lanyo·

64 917 298 959 bardorum
328 917 560 957 continens.

175 983 263 1041 (76)
299 982 336 1023 G
355 983 447 1023 5³*.
519 982 728 1023 Gothan
742 997 798 1022 us
838 981 920 1022 Nr.
966 981 1063 1032 139,
1114 981 1235 1022 ‘liber
1283 982 1548 1023 IValdemari

61 1040 177 1094 reyis
198 1039 455 1091 Danorum’,
482 1038 652 1080 membr.
674 1053 706 1078 s.
723 1038 822 1078 XII.
840 1052 904 1078 eoe.
927 1037 964 1077 8.
988 1036 1065 1091 (cf.
1088 1037 1258 1089 Jacobs,
1282 1038 1489 1092 Beitra‘ye
1512 1039 1546 1089 I,

55 1110 102 1149 p.
126 1093 244 1146 253),
276 1094 381 1135 adeo
404 1109 498 1135 cum
523 1094 806 1147 praecedenti
826 1095 1032 1145 convenit,
1065 1093 1337 1134 Bethmanno
1359 1099 1469 1142 teste,
1502 1099 1548 1133 ut

63 1150 169 1191 alter
199 1164 251 1191 eoe
282 1150 413 1191 altero
432 1149 621 1204 fluocisse
656 1149 893 1190 censendus
923 1150 990 1190 sit.

175 1218 264 1273 (77)
300 1216 424 1258 be.
481 1217 782 1258 Vaticanus
813 1216 896 1256 Nr.
921 1215 1040 1267 1981,
1073 1215 1172 1256 olim
1193 1215 1240 1257 S.
1273 1215 1455 1257 Viventii
1476 1217 1547 1268 (in

63 1273 245 1314 dioecesi
284 1273 716 1327 Auyustodunensi),
752 1278 907 1326 postea
947 1271 993 1312 S.
1033 1270 1215 1326 Joffridi
1250 1271 1328 1324 (52).
1401 1271 1549 1312 Codici

63 1329 307 1383 catalogum
345 1328 554 1369 librorum
594 1327 639 1369 S.
677 1328 858 1369 Viventii
889 1333 926 1367 et
954 1327 1087 1367 Pauli
1123 1327 1350 1370 historiam
1387 1327 1545 1367 Roma-

63 1399 166 1424 nam
207 1385 440 1424 continenti
469 1389 623 1438 postea
654 1389 840 1437 quatuor
876 1398 908 1423 s.
941 1382 1015 1422 XI.
1047 1383 1351 1435 quaterniones
1384 1384 1548 1424 annexi·

62 1445 182 1491 sunt,
223 1440 299 1492 qui
339 1438 580 1479 Historiam
613 1439 823 1492 praebent
860 1437 1251 1492 Langobardorum
1281 1463 1335 1468 —
1372 1437 1447 1489 IV,
1479 1437 1545 1479 37.

64 1494 240 1551 (rapinis
263 1493 499 1549 diripiunt),
519 1494 690 1548 reliqua
710 1493 813 1534 libri
826 1500 955 1547 parte
977 1493 1216 1546 deperdita.
1246 1493 1385 1534 Indeoe
1402 1494 1545 1547 primo

62 1555 228 1590 tantum
248 1549 355 1590 libro
370 1550 665 1603 praemittitur
675 1564 690 1601 ,⁶
713 1549 865 1590 desunt
882 1549 965 1600 ΙΙΙ,
988 1547 1165 1588 23-26.
1182 1548 1258 1601 IV,
1275 1548 1315 1588 2.
1331 1548 1369 1588 9.
1396 1547 1458 1588 17.
1484 1549 1546 1589 19.

174 1604 265 1659 (78)
298 1603 336 1644 G
357 1605 422 1645 5⁶.
484 1605 824 1645 Treverensis
853 1604 935 1644 Nr.
970 1603 1090 1655 1142,
1130 1603 1228 1644 olim
1260 1603 1305 1645 S.
1337 1604 1545 1657 Mathiae,

60 1660 225 1700 membr.
259 1674 289 1700 s.
312 1660 361 1699 X.
424 1658 584 1712 Codici,
616 1660 691 1714 qui
719 1659 852 1700 solam
886 1660 1127 1700 Historiam
1155 1659 1547 1714 Lanyobardorum

61 1716 263 1766 continet,
286 1716 562 1770 postmodum
598 1715 690 1756 Vita
721 1715 766 1756 S.
797 1714 1000 1756 Annonis
1031 1721 1182 1755 assuta
1213 1721 1284 1755 est.
1354 1715 1547 1756 Varietas

60 1771 253 1812 lectionis
284 1786 311 1810 a
343 1771 377 1811 b.
400 1785 452 1810 m.
491 1770 808 1826 IVyttenbachio
839 1772 946 1811 satis
974 1769 1203 1825 diligenter
1232 1770 1446 1824 descripta
1476 1777 1546 1812 est.

175 1836 265 1894 (79)
299 1837 338 1878 G
358 1837 395 1878 6.
459 1837 945 1880 Cheltenhamensis
985 1838 1067 1878 Nr.
1094 1836 1220 1890 1886,
1263 1837 1361 1879 olim
1392 1837 1436 1879 S.
1467 1838 1547 1879 Re-

60 1894 187 1948 miyii
207 1894 442 1945 Remensis,
464 1909 496 1934 s.
514 1893 649 1934 XVII.
664 1898 728 1934 ‘eoo
750 1893 999 1934 bibliotheca
1016 1893 1200 1935 Antonii
1216 1892 1434 1948 Auyeroei
1452 1893 1544 1945 (ἴθ’,

56 1955 210 2003 postea
251 1948 427 2004 Colleyii
468 1948 792 1990 Claromontani
829 1949 1096 1990 Parisiensis
1132 1949 1214 1989 Nr.
1237 1949 1332 2001 681,
1362 1949 1546 2003 indeque

61 2006 108 2045 in
153 2004 445 2045 bibliothecam
491 2005 761 2046 Mem-manni
801 2005 902 2055 (Nr.
941 2003 1068 2056 795),
1125 2005 1307 2059 denique
1364 2005 1547 2046 Thomae

61 2059 313 2115 Phillippsii
340 2059 503 2112 illatus,
534 2061 701 2101 membr.
724 2075 757 2101 s.
778 2061 828 2100 X.
853 2060 988 2101 nitide
1011 2066 1234 2101 eoearatus.
1288 2059 1419 2107 Quem
1447 2061 1546 2101 huic

61 2115 192 2156 classi
222 2115 552 2156 adscribendum
581 2130 680 2168 esse,
711 2116 911 2171 sinyulae
935 2116 1128 2170 probant
1156 2116 1352 2157 lectiones
1386 2131 1411 2156 a
1434 2116 1469 2156 b.
1492 2131 1545 2157 m.

61 2171 226 2211 Pertzio
258 2177 464 2212 enotatae.

176 2237 265 2292 (80)
292 2237 386 2279 G7.
440 2239 722 2279 Romanus
758 2238 1064 2294 Chi‘qianus
1098 2237 1148 2279 G.
1187 2238 1251 2291 VI,
1287 2237 1378 2289 156,
1410 2239 1545 2279 chart.

63 2307 94 2332 s.
127 2292 217 2343 XV,
249 2308 369 2347 quem
398 2294 641 2335 Bethmann
681 2294 844 2348 aliquot
882 2294 984 2335 locis
1017 2295 1207 2349 inspeocit
1237 2300 1272 2335 et
1304 2294 1385 2334 huc
1409 2295 1545 2348 perti-

62 2362 159 2388 nere
179 2348 414 2401 judicavit.

179 2402 477 2458 Quascumque
534 2404 753 2445 Historiae
804 2405 1196 2457 Lanssobardorum
1255 2405 1544 2445 recensuimus

63 2458 252 2499 codicum
296 2458 449 2499 classes
492 2459 550 2499 ad
589 2459 804 2500 saeculum
850 2459 991 2500 saltem
1034 2460 1242 2500 decimum
1283 2460 1544 2511 ascendunt,·

61 2520 175 2564 tunc,
202 2520 239 2553 et
255 2512 452 2566 fortasse
474 2514 643 2554 saeculo
656 2516 753 2569 jam
775 2515 1051 2566 antecedenti,
1074 2521 1159 2554 tam
1183 2515 1377 2555 diversas
1402 2515 1547 2555 induit

55 2568 227 2622 formas
265 2569 370 2609 liber
410 2570 477 2610 hic
515 2571 764 2624 saepissime
804 2571 1044 2624 descriptus
1086 2576 1122 2610 et
1150 2570 1373 2610 lectitatus.
1433 2569 1547 2611 Sunt

61 2638 158 2665 vero
188 2623 303 2676 libri,
327 2625 585 2679 posterioris
612 2627 864 2680 praesertim
886 2627 1102 2679 temporis,
1133 2625 1244 2665 nulli
1264 2640 1413 2665 earum
1435 2631 1544 2666 certo

62 2681 218 2721 certius
250 2681 508 2732 ascribendi,
535 2682 695 2736 quippe
727 2682 802 2734 qui
825 2687 900 2721 aut
921 2696 971 2721 ea)
994 2680 1198 2735 pluribus
1229 2680 1410 2734 confecti
1431 2681 1545 2722 vide-

65 2741 198 2775 antur
218 2734 535 2790 eaeemplaribus
557 2743 633 2776 aut
654 2737 777 2778 ctiam
800 2738 940 2791 onagris
967 2738 1187 2778 temerarie
1209 2736 1341 2778 Pauli
1362 2737 1543 2778 historia
