1852 3141
168 720 276 748 663111.

139 1217 188 1252 '1¹-
210 1220 276 1245 147.

294 94 359 125 186
502 93 646 124 PAULI
675 92 904 124 HISTORIA
932 92 1375 126 LANGOBARDORFM.
1427 93 1520 125 LIB.
1549 93 1590 126 V.

288 201 579 257 Langobardis
611 216 767 257 pavore
799 201 1019 243 deterritos
1050 209 1183 243 castra
1214 203 1377 258 integra
1408 203 1639 259 reliquisse,
1671 217 1772 244 mox

289 259 384 300 lacti
427 258 560 299 effecti
595 257 785 298 certatim
817 264 967 297 cuncta
1008 257 1215 299 invadunt
1254 273 1513 314 coenamque
1544 259 1773 299 affluentis-

289 315 435 354 simam
474 314 695 353 instruunt.
766 313 850 363 Qui
888 313 989 353 dum
1031 313 1208 353 diversis
1245 314 1377 368 epulis
1418 314 1659 369 multoquea
1704 313 1773 355 de-

288 369 451 423 gravati
473 369 569 408 vino
601 382 833 422 somnoque
866 368 1133 423 quievissent,
1168 367 1389 409 Grimuald
1419 385 1545 424 super
1575 385 1645 411 eos
1677 376 1771 425 post

288 425 421 465 noctis
458 424 646 464 inedium
686 424 870 475 inruens,
912 430 1026 464 tanta
1066 438 1136 464 cos
1174 423 1301 464 caede
1341 426 1586 478 prostravit,
1624 433 1669 466 ut
1699 426 1773 464 vix

288 480 412 534 pauci
436 494 488 519 ex
511 480 569 519 eis
592 478 724 533 elapsi
754 480 932 534 patriani
954 478 1163 520 valuerint
1193 479 1425 534 reppedare
1437 481 1467 521 b.
1527 481 1609 532 Qui
1641 480 1774 532 locus,

290 534 358 575 ubi
390 535 470 575 hoc
491 541 657 589 gestum
679 541 741 575 cst
771 534 990 589 proelium,
1022 535 1282 575 Francorum
1313 550 1447 591 usque
1476 535 1600 576 hodie
1635 537 1774 576 {ivusc

290 590 536 646 appellatur,
566 605 642 631 nec
664 590 789 644 longe
810 590 935 631 distat
955 590 1008 631 ab
1040 591 1232 632 Astensis
1255 590 1492 632 civitatulae
1513 590 1774 631 moenibusd.

402 646 439 686 6.
498 646 578 686 llis
616 645 765 687 diebus
797 645 1095 687 Constantinus
1125 652 1352 701 augustus,
1394 647 1465 702 qui
1497 653 1538 687 ct
1568 645 1776 688 Constans

290 708 352 743 est
396 701 653 757 appellatus,
703 701 865 742 Italiam
921 716 944 741 a
998 701 1376 756 Langobardorum
1429 710 1584 742 11131111ρ
1630 716 1775 743 eruere

289 758 484 812 cupiens,
532 756 968 811 Constantinopolimf
1011 772 1215 812 egressus,
1260 765 1400 812 perg=1
1448 756 1655 798 litoralia¹¹
1700 758 1778 798 iter

287 813 458 866 habens,
489 812 693 854 Athonasi
723 814 850 865 venit,
880 812 1062 868 indeque
1084 828 1197 853 mare
1219 820 1516 867 transgressus,
1548 813 1777 854 Tarentum

289 868 503 924 applicuit.
564 869 647 919 Qui
677 874 816 909 tamen
837 869 954 923 prius
976 868 1029 909 ad
1060 868 1287 910 solitarium
1322 869 1546 924 quendam,
1579 869 1649 923 qui
1682 882 1776 923 pro-

288 925 455 980 phetiae
500 925 692 978 spiritum
737 923 893 964 habere
939 923 1203 975 dicebaturh,
1248 924 1362 977 adiit,
1410 924 1598 965 studiose
1643 924 1696 965 ab
1728 937 1776 964 eo

289 981 536 1032 sciscitans-¹,
569 985 704 1019 utrum
741 986 911 1033 gentem
952 979 1352 1034 Langobardorum,
1396 996 1503 1035 quae
1541 981 1583 1020 111
1621 979 1777 1020 Italianl

288 1035 527 1087 habitabat,
560 1050 760 1089 superare
775 1044 791 1061 ¹¹
824 1042 863 1076 et
895 1036 1083 1090 optinere
1114 1036 1259 1090 possit.
1318 1035 1357 1075 A
1389 1050 1472 1090 quo
1505 1049 1599 1075 cum
1631 1049 1776 1075 servus

289 1092 373 1131 Dei
404 1091 586 1145 spatium
607 1091 730 1130 unius
752 1091 888 1130 noctis
919 1092 1160 1145 expetisset,
1192 1099 1238 1132 ut
1266 1099 1370 1146 pro0
1401 1091 1479 1131 hoc
1509 1091 1601 1145 ipso
1632 1090 1779 1130 Domi-

288 1161 389 1186 num
419 1145 715 1201 supplicaret*,
755 1145 896 1186 factol'
927 1161 1049 1186 mane
1081 1147 1136 1187 ita
1168 1146 1303 1187 eidem
1334 1152 1512 1201 augusto
1542 1145 1776 1200 respondit:

290 1202 420 1243 ‘Gens
450 1200 828 1255 Langobardorum
861 1202 1073 1256 *superari
1094 1201 1219 1242 modo
1251 1202 1304 1243 ab
1344 1201 1484 1257 aliquo
1515 1216 1596 1242 non
1628 1208 1777 1255 potest,

332 1307 360 1351 *)
390 1308 579 1350 Sequentia
605 1307 642 1340 in
669 1309 766 1341 codd.
796 1310 825 1341 F
853 1309 872 1339 2
914 1308 962 1341 *2.
993 1309 1032 1339 2³
1062 1315 1092 1341 ec
1119 1310 1172 1342 ecl.
1205 1321 1266 1352 pr.
1306 1308 1357 1341 ita
1399 1309 1567 1350 (ampliata
1598 1309 1776 1351 loquutur:

389 1362 427 1389 ut
453 1369 514 1400 pro
543 1358 609 1389 hoc
636 1359 712 1400 ipso
741 1358 920 1390 dominum
948 1358 1062 1389 Deum
1091 1358 1327 1400 supplicaret;
1366 1361 1400 1389 et
1428 1357 1487 1388 ille
1515 1357 1666 1389 fideliter
1694 1368 1779 1399 age-

390 1407 464 1446 bat;
514 1410 675 1448 prompto
718 1406 822 1438 corde
867 1407 1061 1438 orationem
1100 1406 1249 1438 fundens
1288 1407 1332 1437 ad
1369 1407 1578 1446 Dominum,
1620 1406 1779 1438 dicebat:

392 1455 555 1486 ‘Domine
582 1455 691 1487 Ihesu
719 1455 867 1494 Christe,
895 1466 956 1486 rex
982 1465 1116 1496 regum,
1153 1454 1270 1486 lumen
1297 1465 1415 1494 verax,
1457 1455 1515 1496 qui
1549 1455 1672 1486 misisti
1702 1455 1779 1496 Spi-

390 1505 492 1535 ritum
513 1507 672 1535 sanctum
693 1505 727 1534 in
755 1504 875 1546 specie
893 1504 988 1544 ignis
1016 1504 1050 1534 111
1079 1503 1257 1546 apostolos
1277 1507 1366 1543 tuos,
1394 1504 1590 1534 transmitte
1611 1503 1778 1545 Spiritum

391 1556 549 1584 sanctum
580 1551 832 1584 consolationis
862 1556 920 1583 tue
940 1553 974 1583 in
995 1563 1032 1584 os
1059 1562 1187 1591 meum,
1215 1556 1251 1583 ut
1277 1552 1407 1594 possim
1436 1551 1619 1583 consilium
1643 1556 1777 1582 rectum

391 1601 528 1633 mittere
548 1600 747 1632 hominibus
766 1600 853 1638 istis,
882 1601 941 1642 qui
968 1604 1139 1632 venerunt
1158 1601 1192 1630 in
1211 1604 1270 1632 tuo
1297 1601 1437 1632 nomine
1457 1599 1502 1631 ad
1522 1600 1599 1631 me'.
1641 1599 1778 1631 Eadem

390 1649 475 1681 liora
502 1650 576 1680 vise
604 1653 683 1681 sunt
706 1650 738 1680 ei
764 1653 834 1681 tres
861 1659 1010 1690 persone
1038 1649 1251 1690 spirituales,
1279 1659 1423 1690 quarum
1443 1658 1511 1680 una
1531 1652 1605 1679 erat
1631 1648 1778 1679 archan-

392 1697 464 1738 geli
502 1697 701 1737 Michaelis,
741 1697 898 1729 secunda
938 1697 1106 1729 Iohannis
1147 1697 1310 1739 baptiste,
1348 1698 1453 1728 tertia
1487 1696 1637 1738 apostoli
1671 1696 1776 1727 Petri.

391 1746 491 1777 Tune
517 1755 586 1777 una
613 1756 654 1777 ex
680 1745 751 1777 illis
778 1746 865 1776 dixit
891 1745 936 1776 ad
963 1745 1175 1777 solitarium:
1204 1745 1284 1776 ‘Dic
1306 1745 1508 1786 imperatori
1537 1744 1778 1784 Constantino,

391 1793 498 1825 talem
526 1804 597 1825 rem
625 1794 769 1825 habenti
795 1795 830 1824 in
859 1793 964 1825 corde
992 1804 1054 1825 suo
1082 1793 1305 1835 dispositam:
1334 1793 1501 1824 “Domini
1528 1792 1689 1824 voluntas
1717 1792 1778 1824 ad-

392 1842 462 1873 hue
489 1852 557 1872 non
587 1845 648 1873 est.
703 1842 796 1873 Gens
823 1841 1149 1882 Langobardorum,
1187 1842 1247 1883 qui
1273 1842 1306 1871 in
1334 1840 1441 1872 Italia
1468 1840 1639 1880 habitant,
1675 1852 1778 1883 supe-

392 1891 461 1921 rari
488 1890 592 1921 modo
621 1890 664 1921 ab
688 1889 806 1931 aliquo
834 1899 902 1920 non
928 1893 1056 1931 potest,
1094 1890 1176 1931 quia
1202 1890 1325 1930 regina
1354 1889 1504 1931 quedam
1535 1900 1575 1920 ex
1603 1889 1674 1920 alia
1699 1900 1777 1931 pro-

392 1937 509 1969 vincia
548 1938 693 1969 veniens
732 1937 916 1969 basilicam
955 1938 990 1968 in
1030 1938 1161 1969 honore
1198 1938 1343 1969 Domini
1385 1941 1418 1968 et
1458 1938 1571 1969 sancti
1611 1938 1778 1970 Iohannis

392 1986 546 2028 baptiste
567 1986 760 2017 construxit
785 1986 821 2016 in
840 1985 1153 2026 Langobardorum
1181 1985 1318 2027 finibus,
1348 1989 1383 2017 et
1409 1987 1544 2017 ornavit
1564 1996 1638 2017 eam
1667 1986 1779 2017 facul-

392 2034 523 2065 tatibus
551 2033 772 2074 honorifi01s3
808 2033 930 2065 famuli
958 2038 991 2066 et
1021 2034 1151 2066 famule
1180 2038 1214 2065 et
1249 2034 1386 2075 reliqua
1421 2034 1487 2066 sibi
1513 2035 1673 2066 subiecta
1700 2038 1781 2066 sunt

392 2083 453 2122 ibi,
494 2086 528 2114 et
566 2082 769 2114 sacerdotes
808 2083 843 2113 in
877 2083 953 2124 ipso
994 2082 1136 2114 oraculo
1171 2082 1324 2114 Domino
1360 2081 1512 2114 fideliter
1546 2083 1713 2121 serviunt,
1747 2086 1780 2114 et

392 2134 534 2173 propter
560 2131 628 2162 hoe
654 2131 730 2172 ipse
761 2134 903 2163 sanetus
930 2131 1108 2163 Iohannes
1135 2141 1196 2173 pro
1223 2130 1537 2171 Langobardorum
1563 2134 1669 2171 gente
1698 2141 1778 2162 eon-

392 2180 490 2210 tinuo
529 2179 728 2211 intercedit.
787 2179 871 2221 Ipsa
904 2189 987 2211 vero
1023 2189 1110 2221 gens
1148 2178 1355 2221 suppliciter
1387 2189 1429 2210 ae
1470 2178 1694 2211 devotissime
1736 2178 1779 2211 de

297 2261 325 2294 a)
349 2263 504 2293 multaque
526 2261 552 2286 A
567 2264 592 2295 1,
614 2270 688 2288 corr.
712 2263 868 2294 multoque
883 2263 909 2288 G
924 2265 948 2288 1.
965 2264 996 2294 ἒς
1020 2263 1168 2294 multique
1192 2262 1229 2296 (?)
1252 2270 1326 2288 corr.
1349 2263 1542 2294 multoqueF
1556 2264 1580 2287 1.
1661 2261 1692 2295 b)
1715 2270 1780 2294 rep·

296 2301 420 2333 pedaret
452 2302 474 2325 F
499 2302 524 2327 1.
625 2300 652 2333 c)
675 2302 758 2326 ribus
791 2302 813 2326 F
836 2303 862 2327 1.
898 2302 923 2327 G
947 2304 972 2327 1.
997 2303 1028 2333 ἒς
1072 2302 1188 2326 rivulus
1220 2303 1243 2326 F
1268 2303 1299 2333 23
1341 2309 1453 2326 erasum
1487 2301 1512 2326 G
1535 2302 1570 2332 4,
1612 2302 1683 2325 deese
1715 2302 1728 2325 1
1752 2302 1779 2327 3.

298 2339 327 2371 d)
348 2341 471 2365 milibus
494 2340 507 2364 I
530 2340 565 2371 ὃς
601 2341 692 2366 cix-itu
722 2341 913 2373 lemoenibus
937 2340 963 2366 G
985 2341 1017 2372 3;
1051 2342 1172 2366 civitate
1202 2341 1360 2365 liminibus
1381 2340 1407 2365 A
1430 2340 1477 2371 '23
1509 2340 1571 2365 Ast.
1595 2341 1685 2365 distat
1708 2340 1779 2364 civi-

296 2382 389 2404 tatum
422 2379 594 2404 lemonibus
625 2379 651 2404 A
675 2380 708 2410 33
739 2380 860 2405 Ostensi
892 2381 1014 2404 civitate
1047 2380 1207 2405 moenibus
1230 2379 1252 2405 C
1276 2381 1307 2410 1;
1340 2379 1464 2404 civitate
1486 2379 1557 2405 lem.
1581 2378 1602 2404 C
1625 2378 1671 2409 '13
1708 2379 1778 2403 civi-

296 2419 367 2443 tatis
388 2418 535 2443 limitibus
555 2425 631 2443 corr.
654 2419 676 2442 F
700 2420 725 2442 1.
806 2418 833 2450 e)
857 2425 980 2443 manum
1002 2419 1025 2443 F
1049 2420 1074 2443 1.
1099 2433 1130 2437 —-
1157 2419 1276 2449 eripere
1296 2419 1320 2444 B
1347 2419 1374 2442 1.
1465 2417 1489 2450 f)
1512 2418 1779 2449 Constantinopoli

296 2457 322 2481 A
346 2457 372 2482 3.
398 2471 430 2475 —
455 2464 575 2487 gressus
596 2457 622 2482 A
647 2458 671 2482 2.
753 2456 783 2489 g)
805 2465 861 2489 per
886 2472 916 2475 —
938 2460 1146 2488 transgressus
1167 2458 1225 2482 αῑὶα
1247 2464 1333 2481 manu
1355 2457 1448 2488 suppl.
1471 2456 1496 2481 G
1515 2458 1541 2482 4.
1623 2455 1654 2489 h)
1677 2457 1780 2482 litoria

297 2497 323 2521 A
347 2497 374 2522 2.
394 2496 418 2520 B
443 2497 475 2527 15
497 2496 600 2520 littora
622 2496 644 2521 C
667 2496 698 2526 2;
719 2496 856 2521 literaria
879 2496 911 2521 G.
933 2497 1025 2528 Neap.
1116 2495 1138 2528 i)
1161 2496 1307 2521 Atthenas
1329 2496 1352 2520 F
1377 2498 1402 2522 1.
1493 2494 1524 2528 k)
1548 2495 1688 2520 dicebant
1711 2495 1737 2520 G
1761 2497 1775 2520 1

299 2542 311 2558 e
331 2541 405 2560 corr.
430 2534 456 2559 2.
536 2534 558 2566 l)
582 2535 697 2559 sissitas
718 2535 742 2559 F
766 2536 796 2565 1;
819 2535 1012 2560 sesciscitans
1036 2535 1061 2560 G
1084 2537 1109 2559 1.
1199 2534 1240 2566 m)
1263 2535 1384 2560 Italiam
1408 2533 1434 2559 G
1456 2535 1482 2559 3.
1565 2533 1597 2566 n)
1619 2536 1778 2565 superaret

297 2573 321 2597 F
343 2575 377 2605 13
399 2580 422 2598 s.
445 2580 478 2597 ac
501 2573 602 2598 delere
625 2576 653 2599 et
675 2580 702 2600 o.
724 2580 776 2599 eos
797 2581 826 2605 p.
848 2574 871 2598 F
895 2575 920 2599 2.
1004 2573 1032 2606 o)
1055 2581 1112 2606 per
1132 2573 1158 2598 A
1182 2574 1207 2598 2.
1288 2573 1320 2606 p)
1342 2573 1422 2598 facta
1443 2573 1466 2597 F
1490 2574 1515 2598 1.

302 2658 337 2699 1)
363 2660 469 2691 Venit
496 2661 746 2693 Constantinus
773 2665 941 2703 augustus
970 2661 1013 2693 de
1048 2662 1146 2703 regia
1173 2661 1259 2693 urbe
1286 2671 1348 2703 per
1380 2659 1532 2692 litoralia
1558 2659 1594 2690 in
1621 2659 1778 2692 Athenas

301 2711 334 2738 et
361 2708 486 2739 exinde
513 2708 678 2741 Taranto.
709 2709 750 2741 G.
773 2714 871 2750 pont.
908 2709 1013 2742 Vital.

1848 2304 1852 2319 1

1841 2329 1852 2442 3.

1839 2453 1847 2583 ᾗ

1832 2588 1845 2696 3.

1851 2739 1852 2747 1

1839 2757 1852 2767 ,1

1828 2768 1852 2841 fi
