1852 3141
431 143 575 174 PAULI
603 141 832 174 HISTORIA
858 141 1304 174 LANGOBARDORUM.
1566 138 1611 171 27

242 252 331 310 (19)
362 252 398 295 A
433 253 469 293 7.
539 253 896 293 Matritensis
944 252 1092 306 reyius
1134 250 1175 302 V,
1224 250 1323 302 188,
1370 251 1538 292 membr.
1577 258 1614 292 et

130 310 264 350 chart.
297 323 329 348 s.
360 308 469 359 XIV,
507 309 555 349 in
586 307 719 347 Italia
750 307 812 348 vel
842 307 1036 347 Helvetia
1070 312 1288 357 eoearatus,
1322 307 1398 359 qui
1428 306 1493 347 nil
1521 307 1613 347 nisi

131 364 371 405 Historiam
401 363 795 418 Lanyobardorum
831 363 1030 414 continet,
1068 367 1217 416 postea
1254 361 1340 402 alio
1377 367 1521 402 assuto
1554 362 1613 403 ad

134 418 371 460 Concilium
395 418 717 460 Constantiense
740 418 996 472 pertinente.
1041 417 1180 458 Indeoe
1202 418 1345 471 primi
1364 417 1468 458 libri
1489 417 1611 458 deest.

129 473 327 515 Paucula
359 475 545 514 enotavit
575 474 610 516 b.
640 489 692 514 m.
725 473 781 513 H.
811 473 977 524 Knust;
1011 472 1102 512 alia
1143 472 1184 513 V.
1219 471 1278 515 Cl.
1307 472 1450 513 Baist.

242 530 282 570 A
321 531 470 583 prima
515 530 595 569 liac
640 529 831 569 codicum
876 528 1010 568 classe
1055 527 1229 581 longius
1269 528 1469 568 recedunt
1507 542 1613 582 quos

130 584 273 625 littera
290 585 330 625 B
351 585 658 635 indicavimus,
681 583 730 623 de
752 598 931 638 quorum
952 582 1096 623 indole
1112 585 1210 637 jam
1231 597 1371 637 supra
1395 584 1613 638 ayendum

133 647 238 692 erat,
269 641 430 694 quippe
461 641 536 694 qui
556 639 863 679 dubitationem
892 638 1113 692 injiciant,
1146 653 1248 678 num
1281 639 1333 678 ab
1355 639 1452 692 ipso
1474 638 1612 679 Paulo

119 694 313 750 fortasse
343 696 470 736 verba
499 696 563 735 ita
585 696 671 734 sint
699 699 865 733 mutata
894 691 1046 747 qualia
1076 693 1145 733 bic
1172 692 1387 746 leyantur.
1450 692 1613 735 Ceteros

135 752 391 805 antiquitate
413 748 640 804 praecellit

246 806 337 860 (520)
368 805 410 844 B
440 805 474 844 1.
544 804 910 855 Havniensis,
961 802 1114 844 collect.
1154 817 1243 858 req.
1284 804 1490 858 antiquae
1531 804 1612 844 Nr.

133 861 254 913 2158,
275 861 314 912 4,
347 860 445 901 olim
475 859 801 913 Lindenbroqqii,
826 859 1031 913 pluribus
1060 873 1090 898 s.
1123 858 1195 898 IX.
1225 857 1289 898 vel
1318 859 1367 899 X.
1398 859 1614 911 manibus,

132 931 316 970 quarum
346 915 583 969 specimina
614 916 661 954 in
692 914 840 954 tabula
863 914 916 954 II
940 914 1205 965 addidimus,
1234 915 1282 954 in
1307 913 1453 966 Italia,
1484 921 1531 954 ut
1551 916 1612 956 vi-

133 972 268 1022 detur,
308 976 526 1012 emar-atus.
584 970 650 1009 De
682 971 874 1024 pretioso
913 970 989 1010 boc
1020 969 1176 1021 codice,
1217 969 1339 1010 nobis
1375 970 1614 1024 petentibus

132 1025 321 1067 benevole
342 1025 596 1066 Berolinum
625 1026 878 1066 transmisso
909 1031 946 1065 et
975 1040 1104 1080 quam
1123 1024 1375 1078 fidelissime
1396 1040 1491 1066 cum
1513 1025 1614 1066 aliis

132 1088 395 1136 comparato,
426 1097 463 1121 v.
484 1081 542 1121 N.
563 1080 693 1122 Arcb.
724 1081 758 1131 I,
781 1096 829 1135 2).
862 1079 944 1121 540
974 1096 1034 1135 sq.
1078 1079 1447 1127 Quaternionibus
1469 1081 1615 1135 pluri-

132 1137 209 1177 bus
238 1137 486 1191 deperditis,
517 1136 649 1176 Pauli
669 1136 774 1177 liber
794 1135 1026 1177 lacunosus
1046 1142 1103 1177 est
1125 1137 1300 1189 (desunt
1321 1137 1404 1188 III,
1429 1136 1615 1189 12—IV,

134 1192 199 1232 21.
255 1193 297 1243 V,
332 1192 506 1233 17-40.
559 1191 623 1244 Vl,
658 1190 856 1242 17—58).

245 1247 335 1302 (21)
365 1247 465 1288 ΒΞ.
537 1246 969 1288 Mediolanensis
1023 1246 1418 1288 Ambrosianus
1472 1247 1508 1289 C
1539 1247 1615 1299 72,

132 1303 298 1344 membr.
324 1302 409 1357 fol.
448 1317 479 1344 s,
510 1303 585 1354 XI,
618 1302 715 1343 olim
753 1308 799 1342 ut
828 1303 997 1344 videtur
1037 1302 1081 1343 S.
1118 1303 1308 1343 Martini
1344 1303 1614 1344 Masciacen-

134 1359 205 1409 sis,
246 1360 320 1413 qui
342 1358 551 1412 pluribus
586 1358 783 1398 manibus
824 1359 1010 1412 scriptus
1050 1359 1179 1398 varia
1221 1359 1406 1399 continet
1442 1373 1574 1412 opera
1588 1365 1615 1410 ¹,

135 1414 246 1454 inter
271 1429 379 1467 quae
400 1413 533 1454 Pauli
553 1414 735 1454 historia
756 1413 959 1453 Romana
981 1419 1017 1454 et
1037 1413 1429 1465 Lanqobardorum
1451 1429 1615 1454 necnon.

134 1469 348 1510 Jorclanis
391 1467 495 1509 liber
535 1469 585 1509 de
624 1469 748 1509 rebus
780 1467 937 1509 Geticis
978 1469 1058 1508 uni
1087 1458 1290 1509 debentur
1331 1470 1615 1521 (amoniense,-

135 1525 346 1578 specimen
377 1525 620 1578 scripturae
651 1524 767 1565 dedit
788 1524 916 1564 editio
949 1524 1276 1564 Muratoriana.
1339 1523 1545 1571 Quamvis
1566 1525 1615 1565 in

134 1580 278 1620 multis
323 1594 417 1619 cum
457 1580 545 1619 Bl
589 1580 830 1628 conveniat,
878 1579 1002 1619 aliud
1040 1585 1180 1620 tamen
1220 1579 1351 1620 Pauli
1394 1579 1616 1634 eoeemplar

133 1641 300 1674 secutus
339 1640 409 1674 est.
488 1633 645 1675 Ultima
685 1637 773 1675 tria
809 1634 911 1675 libri
958 1634 1023 1674 VI.
1070 1634 1267 1688 capitula
1305 1636 1481 1676 omisit2.
1551 1634 1614 1689 Cf.

134 1689 191 1729 N.
223 1689 353 1730 Arclz.
385 1689 420 1740 I,
451 1705 501 1744 p.
532 1688 631 1740 543,
672 1690 747 1730 ubi
782 1690 1032 1730 accuratius
1072 1690 1122 1730 de
1161 1689 1263 1730 libri
1302 1690 1432 1743 hujus
1470 1690 1615 1731 indole

133 1746 308 1799 egimus.
354 1745 568 1786 Lectionis
589 1746 851 1796 varietatem,
872 1746 966 1797 jam
985 1746 1033 1785 in
1055 1745 1294 1785 Murcum-ii
1314 1747 1498 1786 editione
1519 1746 1614 1786 ube-

134 1801 241 1851 rius,
263 1814 337 1840 nec
358 1806 499 1840 tamen
521 1799 675 1854 ubique
688 1802 800 1855 pari
821 1800 1051 1855 diliyentia
1072 1801 1346 1855 eoescriptam,
1370 1802 1616 1842 Betlimann

134 1855 274 1896 denuo
307 1856 472 1895 schedis
503 1857 594 1896 suis
624 1855 782 1896 intulit.

245 1909 335 1967 (22)
366 1911 499 1950 132³.
582 1911 881 1952 Vaticanus
930 1910 1326 1951 Ottobonianus
1372 1911 1453 1953 Nr.
1496 1911 1615 1964 1378,

133 1964 231 2006 olim
261 1965 379 2006 ‘liber
409 1965 605 2007 ecclesiae
637 1966 748 2007 beati
777 1966 1032 2017 Marcialis’,
1062 1967 1230 2007 membr.
1252 1981 1283 2009 s.
1306 1967 1403 2006 XII.
1426 1968 1502 2017 ·in.,
1529 1973 1617 2008 tum.

133 2021 179 2060 in
208 2019 302 2072 fine
339 2021 442 2062 libri
482 2021 546 2074 VI,
584 2028 670 2062 tum
700 2023 748 2062 in
779 2022 966 2077 sinyzclis
1006 2021 1143 2063 verbis
1185 2023 1249 2062 ita
1279 2037 1373 2062 cum
1403 2022 1486 2062 ΒΞ
1517 2037 1614 2062 con-

134 2077 258 2128 venit,
290 2082 348 2128 ut,
378 2076 650 2117 Betlimanno
667 2077 832 2132 judice,
855 2091 906 2117 esc
929 2077 1003 2117 lzoc
1026 2076 1268 2131 descriptus
1291 2079 1345 2117 sit
1366 2078 1615 2118 censendus.

135 2130 307 2172 Indices
339 2132 491 2172 omisit.

246 2185 335 2241 (23)
367 2187 408 2226 B
428 2185 466 2226 3.
525 2187 820 2228 Bernensis
851 2187 933 2227 Nr.
956 2186 1022 2238 83,
1042 2187 1085 2241 f.
1113 2186 1191 2227 104
1211 2202 1311 2241 sqq„
1343 2188 1510 2229 membr.
1529 2186 1615 2241 fol.

134 2255 166 2280 s.
188 2241 262 2292 XI,
285 2240 493 2295 pluribus
522 2243 723 2283 manibus
753 2244 954 2296 scriptus,
987 2244 1059 2282 cui
1078 2245 1309 2283 recentiore
1332 2249 1467 2284 aetate
1482 2257 1614 2297 prae-

133 2295 295 2349 liqatus
317 2302 375 2336 est
397 2297 512 2338 alius
537 2298 668 2338 codeoe
699 2297 794 2339 olim
819 2298 864 2339 S.
887 2298 1078 2352 Remiqii
1098 2298 1320 2339 Remensis
1343 2298 1420 2352 (cf.
1445 2299 1615 2353 Hagen,

137 2414 172 2456 1)
200 2414 418 2447 Praeeedunt
446 2415 565 2447 Bedae
583 2414 727 2447 historia
754 2415 954 2458 Anylorum,
994 2416 1135 2449 Daretis
1158 2416 1302 2448 historia
1332 2416 1499 2459 Trojano,
1531 2416 1616 2449 Con-

133 2463 247 2495 sulum
274 2469 302 2495 et
338 2461 586 2503 imperatorum
621 2465 812 2506 catalofflis,
847 2464 1024 2505 Epis-totae
1049 2464 1257 2506 Hieronymi
1289 2471 1319 2497 et
1354 2463 1517 2497 Senecae.
1570 2464 1615 2496 Ιη

124 2511 198 2553 fine
225 2510 408 2542 voluminis
435 2515 571 2542 exstant
607 2511 712 2543 Gesta
745 2511 920 2553 Apollonii
957 2523 1093 2544 manca.
1144 2512 1279 2544 Eadem
1304 2512 1339 2544 in
1376 2511 1490 2544 codice
1518 2512 1615 2544 Illas-

134 2559 284 2591 ciat-ensi
310 2560 491 2602 conjuncta
513 2565 611 2591 erant
633 2564 712 2591 teste
731 2560 886 2601 calaio-qo
905 2571 931 2591 s.
951 2559 1039 2592 XII.
1057 2559 1095 2591 in
1113 2560 1187 2592 cod.
1225 2560 1390 2592 Vaticano
1421 2560 1484 2593 ΝΤ.
1501 2561 1615 2592 3324.-

134 2607 293 2640 Historia
326 2608 517 2648 Anglorum
544 2608 771 2640 Troianorum
808 2609 1042 2640 Romanorum
1077 2609 1389 2650 Langobardorum
1425 2609 1615 2641 Gottonum

135 2657 170 2687 in
196 2667 264 2688 uno
293 2656 370 2688 cod.
400 2657 576 2688 BETHM.
684 2655 720 2697 2)
749 2655 938 2688 ,Μαγαῖον-[ἰ
973 2656 1226 2689 annotationem
1263 2656 1377 2689 minus
1412 2663 1615 2689 accuratam

136 2714 206 2736 esse
235 2705 295 2747 (ef.
326 2704 370 2736 N.
401 2703 528 2737 Archiv
556 2704 586 2743 J,
610 2716 648 2746 p.
678 2705 776 2745 544),
814 2705 850 2736 Γ.
889 2704 937 2737 Ul.
973 2704 1106 2744 Hcller,
1142 2705 1256 2738 codice
1290 2704 1415 2738 iterum
1449 2704 1614 2748 inspecto,

134 2751 306 2794 probavit.
