1852 3141
204 130 347 162 PAULI
375 129 601 162 HISTORIA
628 129 1070 161 LANGOBARDORUM.
1122 128 1215 160 LIB.
1243 128 1292 160 Π.
1442 128 1486 160 85

12 240 299 283 subiciendam
319 239 510 280 Italiama
532 239 822 295 dereliquerat.
869 239 953 291 Qui
974 237 1240 280 Buccellinus
1263 253 1357 279 eum
1379 254 1487 294 pene

10 303 138 338 totam
160 295 325 336 Italiam
356 295 664 351 direptionibus
693 302 877 336 vastaret
907 303 947 336 et
967 294 1260 350 Theudeperto
1291 308 1367 335 suo
1398 296 1486 349 regi

8 353 58 393 de
94 352 252 407 praeda
280 350 427 392 Italiae
467 367 640 392 munera
675 353 848 406 eopiosa
879 351 1123 403 eonferretl,
1162 365 1258 391 cum
1286 351 1332 390 'in
1364 349 1487 392 Cam-

8 408 133 463 pania
161 406 373 448 hiemareb
406 407 690 462 disponeretC,
727 407 896 448 tandem
926 407 968 448 in
996 406 1088 447 1000
1121 407 1189 448 cui
1219 406 1486 448 Tannetumd

5 477 157 504 nomen
188 469 276 504 est2
305 464 426 517 gravi
456 462 563 504 bello
594 470 644 503 ae
674 463 850 504 Narsete
881 469 1100 517 superatus
1115 462 1139 513 f,
1171 463 1380 503 extinctus
1411 468 1486 503 est.

5 519 247 574 Amingusg
286 533 384 559 vero
416 518 516 559 dum
547 519 722 559 Widinh
755 517 991 558 Gothorum
1031 518 1173 558 comiti
1204 524 1348 559 eontra
1383 517 1487 558 Nar-

5 576 158 615 setemi
195 573 414 616 rebellanti
453 574 658 614 auxilium
696 573 803 614 ferre
845 580 1016 614 conatus
1048 573 1215 625 fuisset,
1255 574 1422 628 utrique
1463 588 1487 614 a

4 630 179 672 Narsete
198 631 382 685 superati
399 637 506 671 sunt.
552 629 699 670 Widin
731 635 878 683 captus
907 627 1314 683 Constantinopolim
1344 628 1486 669 exilia-

5 693 85 727 tur.
153 685 363 740 Amingus
403 700 516 736 vero,
557 685 628 740 qui
665 685 702 726 ei
741 684 947 725 auxilium
987 682 1259 738 praebuerat,
1300 683 1487 725 Narsetis

5 741 147 795 gladio
188 742 417 796 perimitur.
491 741 656 781 Tertius
696 754 863 795 quoque
898 741 1160 780 Francorum
1196 739 1285 779 dux
1319 740 1487 779 nomine

6 796 302 848 Leuthariusk,
320 795 551 837 Buecellini
567 810 807 849 germanus,
839 794 939 835 dum
955 794 1111 836 multa¹
1133 794 1291 850 praeda
1313 802 1487 835 onustus

5 852 61 892 ad
104 853 318 908 patriamm
350 858 522 906 cuperet
561 851 725 903 reverti,
771 851 877 891 inter
888 851 1101 891 Veronam
1138 857 1178 891 et
1207 850 1485 891 Tridentumn

5 909 126 949 iuxta
154 907 293 948 laeum
322 907 603 947 Benacum-³
634 907 806 961 propria
836 917 969 947 morte
1000 905 1223 947 defunotus
1255 912 1328 948 est.

116 964 153 1004 3.
213 962 374 1004 Habuit
412 961 680 1003 nihilominus
719 963 865 1002 Narsis
909 969 1123 1003 certamen
1163 961 1364 1003 adversus
1396 961 1487 1003 Sin-

3 1017 159 1060 dualdp
190 1018 513 1059 B1·entorum‘1·4
542 1033 698 1073 regem,
731 1018 802 1073 qui
832 1017 968 1058 adhue
999 1018 1050 1058 de
1071 1016 1328 1058 Herulorum
1359 1019 1487 1073 stirpe

3 1080 273 1127 remanserat,
306 1082 434 1129 quosr
466 1089 608 1115 50011111
638 1075 682 1114 in
712 1072 903 1114 ItaliamS
934 1074 1107 1115 veniens
1139 1072 1260 1114 olimt
1291 1073 1489 1115 Odoacar

4 1129 253 1170 adduxerat.
321 1130 434 1170 Huic
473 1130 618 1170 Narsis
668 1129 846 1171 fideliter
889 1129 969 1170 sibi
1022 1130 1203 1184 primum
1247 1129 1489 1171 adhaerenti

3 1268 32 1302 a)
55 1270 126 1293 deest
148 1270 174 1293 D
198 1270 222 1292 2.
285 1267 314 1299 1))
340 1268 539 1299 Campaniam
563 1275 698 1293 remeare
723 1267 747 1293 G
772 1269 797 1293 2.
862 1266 888 1299 c)
912 1266 1062 1299 disposuit
1084 1268 1105 1292 C
1121 1266 1159 1292 ·1.
1186 1269 1213 1292 1.
1238 1268 1264 1292 D
1290 1269 1314 1293 1.
1379 1266 1407 1299 d)
1433 1269 1487 1293 Ta-

2 1311 107 1334 netum
136 1308 159 1332 A
184 1309 210 1334 3.
233 1308 261 1332 4.
294 1307 315 1332 C
341 1310 365 1332 1.
388 1308 401 1332 I
426 1310 460 1338 13
491 1307 671 1331 Tamnetum
704 1307 729 1331 Α
753 1305 792 1332 3
818 1307 843 1332 G
867 1306 905 1339 '3,
929 1315 941 1329 e
969 1315 1042 1332 corr.
1079 1306 1104 1331 G
1127 1307 1160 1337 ὃς
1190 1308 1386 1331 'sarmentum
1408 1308 1435 1331 D
1460 1309 1485 1332 1.

3 1347 29 1372 G
53 1348 85 1378 23
108 1347 290 1372 'ramentum
314 1346 339 1371 G
365 1348 389 1372 1.
414 1347 445 1377 53
467 1347 641 1371 Tannetaffi
664 1347 685 1370 F
710 1348 741 1376 13
774 1346 954 1370 Tamnetam
977 1347 999 1370 F
1022 1346 1056 1376 43
1086 1346 1235 1370 Tamneta
1257 1346 1279 1370 F
1303 1347 1334 1376 23
1367 1346 1487 1372 Tanne-

1 1389 64 1411 tam
86 1387 108 1410 F
131 1386 166 1416 ὃς
188 1387 330 1410 Tametus
353 1385 376 1409 L
402 1388 433 1416 13
457 1386 625 1410 Cannetum
647 1386 661 1409 I
685 1385 710 1416 3,
733 1389 755 1409 et
779 1386 816 1409 im
838 1389 978 1409 corrector
1000 1385 1024 1409 A
1048 1385 1074 1417 2,
1097 1386 1144 1415 qui
1166 1386 1278 1416 fulserit:
1312 1392 1372 1409 non
1395 1386 1487 1416 longe

1 1432 19 1450 a
40 1425 116 1449 kasa
138 1425 236 1450 Marii.
300 1423 327 1455 e)
352 1425 389 1448 ad
411 1425 433 1448 F
458 1426 481 1451 1,
544 1423 569 1456 f)
592 1427 796 1455 5000131115-
813 1432 830 1448 a
852 1425 976 1449 Narsete
1005 1425 1061 1449 des,
1083 1424 1110 1448 D
1125 1425 1138 1448 1
1165 1425 1239 1456 (post
1260 1425 1375 1456 suppl).
1397 1425 1424 1448 D
1440 1426 1485 1450 la.

0 1463 31 1496 g)
55 1464 204 1494 Amingus
229 1478 262 1482 -—
294 1464 439 1488 exiliatur
460 1464 514 1487 des.
540 1463 565 1489 G
588 1464 615 1489 4.
704 1462 735 1494 11)
759 1463 871 1488 Widim
902 1465 925 1488 B
948 1465 978 1493 (ἐς
1008 1463 1133 1487 Windin
1154 1464 1178 1487 B
1202 1463 1227 1488 3.
1250 1464 1276 1487 D
1301 1464 1327 1489 3.
1350 1465 1379 1488 4.
1412 1464 1436 1488 Ε
1460 1465 1486 1495 1,

0 1507 25 1528 et
47 1511 110 1528 moa·
142 1504 163 1528 C
187 1503 226 1527 ⁸1.
252 1504 277 1528 1.
301 1504 325 1528 3.
351 1504 372 1527 F
398 1504 422 1528 1.
456 1502 480 1528 G
506 1504 531 1527 1.
556 1503 583 1527 3.
608 1501 646 1527 ⁸5.
670 1502 713 1527 50.
739 1503 764 1526 H
790 1504 820 1533 13
851 1503 955 1527 Windi
977 1503 1003 1526 D
1028 1504 1052 1527 1.
1077 1503 1090 1526 Ι
1114 1503 1145 1532 3;
1179 1502 1293 1526 Guidin
1326 1502 1347 1528 C
1372 1504 1397 1528 2.
1422 1503 1435 1527 Ι
1459 1503 1485 1528 3.

1 1541 23 1574 1)
47 1542 175 1568 Narsete
198 1543 220 1566 F
245 1543 269 1566 1.
350 1540 380 1573 k)
405 1542 609 1567 Leuthaurius
633 1542 657 1565 A
673 1543 704 1572 13
727 1542 924 1566 Liuthuarius
947 1543 970 1566 P,
996 1543 1027 1571 13
1050 1541 1239 1566 Leuthardus
1263 1542 1283 1566 C
1309 1543 1334 1566 1.
1359 1542 1391 1570 2;
1412 1542 1487 1567 Leu-

1 1581 116 1606 therius
138 1582 164 1605 D
189 1581 215 1605 3.
316 1580 337 1612 1)
362 1581 485 1605 multam
518 1581 642 1612 predam
675 1581 697 1604 F
721 1583 754 1612 13
785 1589 812 1606 v.
847 1581 884 1604 ad
905 1588 933 1611 p.
959 1588 982 1605 0.
1016 1588 1039 1604 r.
1073 1581 1129 1605 [les.
1160 1581 1185 1605 D
1210 1583 1223 1605 1
1259 1580 1333 1612 (post
1364 1582 1486 1612 suppl).

0 1620 42 1652 m)
64 1621 164 1651 patria
185 1621 208 1644 F
233 1621 257 1645 1.
284 1634 316 1638 -—
340 1619 455 1650 cupiret
477 1621 498 1643 F
514 1621 538 1644 1.
564 1619 589 1644 G
613 1621 637 1646 1,
665 1620 690 1644 3.
773 1619 801 1651 11)
825 1620 1011 1644 Tridendum
1035 1619 1101 1650 013
1123 1620 1269 1644 'Frentum
1291 1621 1324 1644 F.
1348 1620 1373 1644 G
1388 1623 1415 1645 1.
1440 1620 1485 1651 '33

0 1659 160 1684 Trientum
184 1659 210 1684 G
231 1659 264 1689 43
288 1659 454 1683 Tarentum
477 1658 503 1683 G
526 1660 551 1683 ⁴2.
576 1659 602 1683 5.
686 1658 714 1690 0)
738 1660 893 1683 Benocum
916 1658 942 1682 A
965 1659 990 1683 2.
1073 1658 1103 1690 p)
1129 1658 1279 1683 sinduald
1301 1667 1375 1683 corr.
1399 1660 1484 1684 Sind-

0 1699 92 1723 uuald
115 1698 142 1723 G
163 1698 197 1729 4;
230 1697 358 1722 sindual
389 1697 415 1722 A
438 1699 465 1724 3.
488 1696 534 1728 '33
564 1697 732 1722 Sindualdo
755 1699 778 1722 B
804 1699 834 1728 13
865 1696 1003 1722 Siltluald
1026 1697 1051 1721 A
1076 1699 1110 1727 13
1142 1698 1268 1722 siduald
1290 1698 1312 1723 C
1336 1697 1375 1730 ⁸1,
1405 1707 1481 1723 corr.

0 1736 122 1762 Sisuald
142 1737 168 1761 D
193 1738 225 1767 13
249 1736 446 1769 Sisualdmm)
470 1737 551 1760 celeri
572 1737 609 1761 D.
632 1736 659 1760 H
685 1737 717 1767 13
740 1736 849 1761 Sisuad
870 1737 898 1760 H
919 1737 952 1767 3;
975 1736 1101 1761 Sidualo
1123 1737 1208 1767 C4b3
1230 1737 1339 1761 Iduald
1362 1737 1383 1762 C
1398 1738 1482 1762 1-3.

0 1775 30 1808 q)
54 1776 244 1801 Brendorum
265 1777 291 1800 A
313 1775 352 1800 ¹2.
372 1776 396 1800 L
412 1777 441 1807 13
463 1777 641 1801 Brebtorum
664 1775 685 1801 C
701 1778 727 1801 1.
752 1776 776 1800 2.
800 1776 827 1801 4.
850 1775 876 1801 5.
898 1776 925 1800 D
949 1777 981 1806 13
1004 1777 1217 1800 Brettonorum
1238 1777 1260 1800 F
1275 1777 1299 1800 1.
1323 1776 1348 1801 G
1363 1777 1387 1802 1.
1402 1777 1427 1802 2.
1443 1775 1481 1803 ’3.

0 1816 14 1840 Ι
37 1816 62 1841 l.
90 1815 138 1846 lb;
170 1816 371 1839 Bretenorum
394 1815 419 1839 G
442 1815 468 1840 3.
493 1816 526 1846 43
557 1815 768 1839 Brettanorum
791 1816 813 1839 F
836 1815 869 1845 43
897 1815 1052 1839 Britorum
1074 1814 1099 1838 A
1122 1815 1149 1840 5.
1173 1816 1204 1846 63
1233 1816 1381 1840 Brionum
1405 1816 1431 1841 G
1453 1817 1480 1841 ε’).

0 1853 25 1886 r)
49 1862 140 1885 quem
162 1853 188 1878 A
209 1853 251 1879 ⁸2.
276 1854 311 1879 3?
334 1854 381 1880 51),
406 1854 447 1884 G?
470 1855 521 1885 qui
543 1853 568 1877 A
592 1853 618 1880 5.
643 1854 669 1880 6,
752 1853 778 1886 s)
800 1854 891 1878 Italia
912 1854 935 1877 F
960 1856 984 1880 1.
1009 1854 1035 1879 G
1060 1855 1084 1879 1.
1167 1854 1189 1885 t‘)
1213 1855 1300 1878 solim
1319 1858 1383 1885 post
1405 1863 1480 1881 corr.

0 1894 98 1919 solum
122 1893 192 1926 (icat
216 1892 459 1925 solumodoaear)
483 1893 508 1917 A
532 1894 556 1925 l7
579 1901 656 1917 corr.
680 1894 751 1917 olim
774 1894 797 1918 B
823 1895 849 1918 1.
874 1894 894 1917 F
909 1894 940 1924 13
964 1894 1008 1917 sol
1030 1894 1141 1917 duabus
1164 1894 1264 1917 litteris
1286 1895 1376 1918 erasis
1397 1894 1423 1918 A
1446 1896 1480 1925 2;

0 1933 188 1958 solummodo
210 1933 342 1957 acharad
363 1933 489 1957 duxerat
511 1932 537 1957 A
559 1932 590 1962 ὃς
613 1933 804 1957 solummodo
827 1933 938 1957 acarad
960 1933 1087 1957 duxerat
1107 1933 1132 1957 A
1146 1933 1178 1963 ὃς
1201 1934 1389 1958 solummodo
1413 1934 1482 1958 odo-

0 1972 92 1997 achar
114 1972 223 1997 addux.
247 1972 271 1996 E
296 1973 326 2002 13
350 1972 540 1996 solummodo
563 1972 645 1995 acari
667 1972 778 1997 addux.
801 1971 823 1995 F
846 1972 880 2001 ῦς
912 1972 1102 1996 solummodo
1125 1979 1226 1996 secum
1249 1973 1360 1997 addux.
1384 1972 1410 1996 A
1433 1971 1478 2004 ‘2;

0 2011 90 2036 simul
112 2018 201 2036 aecar
222 2011 333 2037 addux.
356 2011 377 2036 C
400 2012 433 2041 43
457 2011 549 2036 simili
572 2010 659 2035 modo
683 2018 754 2035 acar
777 2010 882 2043 (achar
904 2010 925 2035 C
949 2011 974 2035 2.
998 2011 1010 2035 1
1034 2010 1061 2041 1)
1084 2010 1184 2036 addux
1207 2011 1228 2036 C
1252 2010 1292 2037 '1.
1318 2013 1343 2037 1.
1369 2012 1393 2038 2.
1414 2011 1429 2036 Ι
1454 2013 1479 2044 1,

0 2057 73 2077 corr.
97 2057 121 2075 5.
142 2057 182 2075 m.
204 2050 342 2075 Odoacer
363 2051 389 2075 D
415 2052 439 2082 1,
463 2054 485 2075 ee
509 2051 547 2074 ita
568 2051 650 2074 ceteri
671 2051 716 2081 D3
740 2057 814 2081 quos
837 2058 859 2075 s.
883 2050 1005 2074 Italiam
1027 2050 1154 2075 veniens
1176 2051 1285 2075 addux.
1308 2051 1330 2074 F
1354 2051 1379 2076 2.

3 2174 37 2213 1)
64 2173 164 2205 Haec
197 2184 238 2206 ex
276 2174 377 2216 Gregs.
421 2174 504 2206 Tur.
539 2173 614 2214 III,
651 2175 708 2207 32.
744 2180 858 2205 sumta
892 2173 1067 2207 violentur.
1126 2174 1262 2206 Paulus·
1290 2180 1479 2216 praeterea

2 2222 111 2254 alium
140 2221 294 2263 sequitur
328 2228 514 2262 auctorem,
537 2224 696 2264 fortasse
731 2222 942 2254 Secundum.
1045 2221 1082 2265 2)
1108 2221 1166 2255 Ad
1199 2222 1297 2264 ripas
1335 2222 1479 2255 C'asz'lim'

2 2268 166 2309 fluminis,
207 2269 266 2311 qui
293 2275 322 2301 et
357 2270 548 2303 Vulturnus
587 2271 733 2310 (licitur,
775 2271 935 2303 bellatum
965 2269 1093 2313 fuisse,
1132 2277 1265 2303 constat
1292 2283 1333 2303 ew
1372 2271 1478 2304 citato

3 2316 157 2361 Ayatlzia
196 2317 252 2350 lib.
294 2318 347 2359 II,
386 2320 493 2358 4-9,
532 2319 692 2361 locusque
730 2318 906 2361 ‘inscriptis
948 2318 1160 2351 carminibus
1199 2320 1400 2360 celebratus,
1442 2327 1478 2352 ul

4 2365 248 2399 Constantinus
274 2366 533 2409 I'orplzyroyen.
571 2366 609 2398 in
648 2368 747 2400 them.
774 2367 919 2409 Imperii
949 2367 1063 2400 Orien.
1091 2367 1149 2400 lib.
1178 2367 1232 2408 II,
1271 2369 1370 2401 them.
1415 2370 1477 2400 11:

5 2412 67 2448 τὸν
86 2413 124 2447 δὲ
143 2413 347 2447 Βουτελίνον
364 2413 641 2459 κατεπολέμησεν
666 2411 684 2447 ὁ
708 2414 851 2461 Ναρσῆς
877 2413 974 2461 παρὰ
994 2413 1054 2447 τὸν
1071 2413 1230 2460 ποταμὸν
1250 2415 1479 2449 Κασουλῐιόν.

7 2464 133 2496 Locum
168 2469 282 2496 (cutem
324 2462 470 2496 Tarmeli
504 2476 526 2496 α
562 2463 674 2496 Paulo
708 2470 932 2496 memoratum
967 2464 1148 2506 assc'fflmre
1182 2476 1234 2496 me
1268 2477 1337 2497 non
1361 2476 1476 2506 posse,

8 2513 145 2556 anenue
168 2513 304 2554 fateor.
340 2513 401 2545 BI.
460 2512 514 2544 De
540 2512 624 2544 urbe
659 2512 746 2544 inter
772 2512 936 2544 Parmam
963 2518 993 2545 et
1019 2512 1164 2555 Regyiwn
1198 2512 1266 2545 sita
1301 2513 1364 2545 alic·
1388 2513 1477 2557 0091-

8 2566 134 2594 tarum.
248 2560 286 2603 3)
314 2560 371 2592 Ad
410 2561 527 2593 urbem
561 2559 742 2600 C'enedam,
788 2561 848 2599 vel,
889 2566 925 2592 ut
964 2559 1078 2592 scribit
1117 2560 1287 2604 Aqatlcz'as
1328 2562 1397 2602 (II,
1427 2562 1476 2604 3),

10 2609 177 2642 Jenesam.
206 2610 267 2641 BI.
355 2609 393 2649 4)
421 2608 534 2641 Iidem
550 2609 704 2652 fortasse
723 2608 782 2650 qui
807 2609 960 2642 Breones
988 2610 1041 2641 vel
1065 2610 1213 2642 Briones
1241 2611 1476 2652 appellantur,

14 2670 38 2691 n
56 2658 202 2700 Alpibus
223 2657 362 2690 Noricis
381 2657 594 2696 habitantes;
622 2658 663 2690 cle
690 2658 813 2699 quihus
839 2658 883 2700 cs.
911 2658 1046 2700 Jaeyer,
1068 2657 1136 2691 ΞΒ.
1167 2659 1201 2691 d.
1237 2659 1341 2691 men.
1360 2660 1475 2691 Alcad.

12 2706 121 2747 YLII,
153 2718 192 2749 p.
221 2707 288 2739 351
318 2719 389 2749 sqq.
452 2707 483 2738 A
509 2706 623 2739 Paulo
662 2707 851 2739 Erulorum
888 2718 1010 2739 nomen
1036 2706 1086 2739 ita
1125 2718 1195 2740 esse
1234 2708 1476 2750 depravatum,

12 2755 74 2789 :ine
100 2767 209 2788 causa
235 2756 355 2788 statuit
382 2755 488 2789 Zeuss
510 2767 548 2798 p.
576 2755 658 2788 484.
