1852 3141
280 134 425 167 PAULI
452 132 681 167 HISTORIA
707 132 1153 167 LANGOBARDORUM.
1205 133 1299 165 LIB.
1326 133 1368 165 V.
1510 134 1579 166 207

94 244 451 301 perstrepentibus
472 244 648 296 bucinis,
671 250 712 284 et
731 249 878 284 neutra
897 250 1016 298 parte
1036 242 1175 284 locum
1198 244 1323 285 dante
1332 250 1361 297 ³,
1392 244 1582 285 maxima

96 299 347 355 populorum
390 299 502 340 facta
545 305 608 339 est
652 304 823 353 strages.
907 299 1099 340 Tandem
1154 299 1334 340 crudelis
1379 307 1582 354 tyrannus

97 354 242 396 Alabis
279 355 447 407 interiit,
489 360 528 395 et
565 353 834 409 Cunincpert,
876 354 1101 395 adiuvante
1143 356 1216 395 seb
1256 355 1456 407 Domino,
1497 355 1582 396 vic-

96 412 247 452 toriam
278 410 400 465 cepit.
460 409 684 450 Exercitus
715 424 882 464 quoque
913 409 1071 462 Alahis,
1103 417 1303 465 conperta
1325 412 1413 452 eius
1436 417 1581 463 morte,

97 466 223 519 fugae
256 466 489 506 subsidium
519 465 708 520 arripuit.
766 465 803 504 E
836 465 987 519 quibus
1019 474 1172 520 quemss
1203 481 1348 507 mucro
1380 481 1463 507 non
1488 481 1582 522 per-

98 521 210 573 culit,
247 520 432 561 Adduad
483 519 635 561 fluvius
675 520 896 561 interemit.
958 520 1097 576 Caput
1139 536 1305 576 quoquc
1335 521 1482 562 Alahis
1513 521 1582 562 de-

95 583 335 617 truncatum
365 590 569 630 cruraque
601 576 716 616 eius*
756 576 919 616 succisa
951 583 1058 628 sunt,
1096 577 1382 632 informequee
1419 583 1582 618 tantum

96 638 376 687 truncumque
407 631 589 672 cadaver
618 631 829 672 remansit.
879 630 929 670 In
948 631 1028 672 hoc
1058 631 1193 673 bellof
1229 632 1581 674 Foroiulanorum

97 687 307 728 exercitus
352 687 523 727 minime
561 686 661 737 fuit,
707 686 828 740 quia,
875 700 969 727 cum
1009 688 1164 728 invitus
1205 687 1352 729 Alahis
1392 689 1582 740 iurasset,

96 749 268 797 propter
310 742 388 782 1100
430 748 538 782 110οἐΪ
581 742 671 795 regi
716 741 998 797 Cunincperto
1043 757 1120 783 nec
1160 742 1305 783 Alahis
1351 742 1583 785 auxiliumh

98 797 212 850 tulit,
264 798 337 837 sed
377 811 472 838 cum
511 796 570 836 illi
608 795 762 838 bellum
803 797 1127 849 commisissent,
1175 799 1254 852 ipsi
1295 798 1349 839 ad
1389 799 1583 854 propriai

99 859 195 893 sunt
224 853 391 893 reversi.
450 852 587 906 Igitur
615 851 761 892 Alahis
791 851 870 892 hoc
902 853 1026 893 modo
1058 853 1266 906 defuncto,
1296 869 1373 895 rex
1404 854 1585 895 Cuninc-

98 914 191 963 pert
221 921 374 962 corpus
397 907 553 948 Senoni
568 909 586 933 k
619 907 787 948 diaconi
808 914 904 948 ante
925 907 1057 948 fores¹
1079 908 1276 950 basilicae
1303 908 1416 950 beati
1436 909 1586 950 Iohan-

97 964 174 1015 nis,
206 977 333 1018 quam
346 971 371 989 ¹¹¹
402 964 492 1017 ipse
522 968 722 1014 rexerat,¹¹
752 962 928 1004 mirifice
959 963 1161 1019 sepelire⁰
1192 965 1427 1017 mandavit,
1463 966 1585 1020 ipsep

97 1033 196 1060 vero
217 1025 437 1072 regnatori
461 1033 556 1058 011111
579 1018 765 1059 011111111111
778 1026 791 1044 Γ
813 1018 1070 1060 exultatione
1092 1026 1132 1061 et
1151 1020 1363 1076 triumpho
1385 1021 1586 1062 victoriae

96 1074 296 1115 Ticinum
326 1088 516 1115 reversus
547 1080 620 1115 051.

383 1142 705 1191 EXPLICIT
741 1144 944 1191 LIBER
981 1143 1297 1202 QUINTUS.

312 1297 638 1339 INCIPIUNTS
670 1297 964 1340 CAPITULA
993 1299 1151 1341 LIBRI
1183 1299 1372 1341 SEXTI.

130 1366 165 1406 1.
225 1365 448 1417 Quomodo
469 1364 700 1407 Romualdt
730 1366 960 1408 Tarentum
992 1368 1116 1423 cepit,
1149 1374 1189 1409 et
1219 1367 1429 1423 quomodo
1451 1368 1587 1410 Theu-

225 1419 398 1461 (1011110,υ
428 1421 729 1462 monasterium
761 1423 893 1463 sancti
923 1423 1037 1463 Petri
1067 1423 1318 1465 aedificavit.

127 1476 166 1516 2.
225 1476 291 1516 De
325 1482 458 1517 morte
488 1475 724 1529 Romualdi,
765 1483 834 1518 etv
875 1478 1086 1533 quomodo
1127 1493 1278 1534 corpus
1314 1479 1425 1520 beati
1455 1479 1588 1521 Bene-

227 1530 329 1572 dicti
359 1531 412 1572 ad
444 1531 603 1572 Gallias
633 1531 817 1573 delatum
849 1539 923 1574 est.

101 1588 168 1627 *3.
223 1586 290 1626 De
320 1586 539 1627 Rodoaldw
561 1587 667 1629 duce
687 1587 940 1630 Foroiula-no
954 1598 984 1642 x,
1007 1595 1046 1630 et
1067 1589 1118 1630 de
1139 1589 1347 1643 Ansfrity,
1379 1591 1451 1646 qui
1471 1591 1560 1632 eius
1573 1598 1587 1617 z

228 1641 426 1683 ducatum
457 1643 622 1684 invasit.

127 1697 165 1737 4.
224 1696 291 1737 De
323 1697 470 1737 sinodo
502 1712 609 1753 quae
639 1705 741 1753 aput
762 1698 1172 1754 Constantinopolim
1202 1700 1313 1741 facta
1334 1707 1408 1753 est,
1441 1706 1506 1742 eta
1535 1700 1588 1743 de

225 1751 402 1806 epistola
421 1753 622 1793 Damiani
651 1754 854 1809 episcopi.

129 1808 168 1848 5.
226 1807 294 1848 De
325 1807 472 1863 eclipsi
502 1808 624 1850 lunae
656 1818 697 1851 et
726 1809 837 1863 solis,
868 1816 909 1851 et
939 1810 990 1850 de
1019 1810 1256 1865 pestilentia
1287 1825 1393 1866 quae
1425 1811 1585 1853 Romae

227 1870 268 1904 et
297 1863 464 1904 Ticinib
494 1863 604 1905 facta
634 1871 708 1906 est.

166 1968 196 2013 ⁴¹)
224 1971 250 2002 L
272 1971 287 2002 1
318 1970 437 2004 addit.-
465 1971 500 2003 id
529 1976 582 2005 est
608 1973 769 2014 gambas.

102 2065 131 2099 a)
155 2067 287 2092 donante
309 2068 341 2093 F.
366 2067 399 2094 G.
501 2067 531 2101 b)
554 2068 625 2092 deest
648 2067 681 2094 C.
703 2068 741 2095 D.
763 2069 796 2094 F.
820 2069 844 2093 L
869 2070 893 2093 1.
989 2068 1016 2102 0)
1038 2070 1110 2094 deese
1141 2071 1165 2095 B
1191 2072 1215 2096 1.
1318 2070 1348 2102 d)
1370 2070 1494 2096 Adduas
1516 2071 1541 2096 A
1565 2073 1589 2097 2.

102 2106 129 2130 Ι)
152 2107 186 2137 2;
207 2105 294 2130 Adda
318 2106 343 2132 G
367 2107 392 2131 1.
418 2107 444 2132 2.
468 2106 514 2138 3a,
537 2114 549 2131 e
570 2114 644 2132 corr.
668 2108 691 2131 F
715 2109 747 2138 13
769 2107 837 2132 Ada
860 2107 926 2133 G4.
1008 2107 1036 2140 e)
1060 2109 1253 2140 informaque
1275 2108 1301 2133 A
1325 2111 1349 2135 1.
1372 2111 1399 2136 2.
1423 2110 1444 2135 C
1470 2111 1494 2134 1.
1518 2111 1545 2134 D
1562 2111 1588 2135 1.

103 2144 126 2168 F
150 2146 175 2169 1.
210 2143 235 2169 G
260 2146 284 2170 l.
310 2146 335 2177 2,
367 2145 442 2176 quod
463 2145 493 2169 in
515 2146 662 2177 archetypo
688 2145 784 2177 fuisse
814 2147 934 2172 videtur.
1048 2148 1071 2176 f)
1090 2152 1156 2179 post
1177 2149 1270 2179 suppl.
1297 2148 1322 2173 G
1347 2150 1371 2173 1.
1474 2147 1504 2179 g)
1528 2155 1589 2173 non

104 2182 129 2207 G
155 2184 178 2208 1.
205 2184 231 2207 2.
255 2184 302 2209 3a.
401 2182 430 2215 h)
452 2184 570 2208 ausium
593 2184 619 2209 G
643 2186 667 2217 1,
699 2192 773 2210 corr.
800 2186 983 2210 adiutorium
1007 2185 1031 2210 G
1055 2187 1080 2212 2.
1184 2186 1206 2218 i)
1229 2187 1385 2218 propriam
1408 2187 1430 2212 C
1454 2185 1499 2218 ἰς
1521 2195 1588 2219 pro-

103 2222 186 2253 prias
208 2222 230 2246 F
255 2223 280 2246 1.
381 2220 412 2252 k)
436 2221 572 2247 Sennoni
595 2222 620 2247 A
645 2224 669 2249 l.
693 2224 716 2247 F
739 2226 772 2254 13
795 2222 912 2249 Senoni
933 2232 1008 2250 corr.
1032 2224 1164 2250 Senouis
1189 2226 1215 2251 G
1239 2226 1271 2256 23
1294 2225 1407 2251 Seneni
1431 2225 1456 2250 G
1478 2227 1513 2257 4;
1536 2226 1589 2252 Se—

104 2260 192 2285 nonis
214 2259 239 2285 A
262 2260 290 2285 3.
313 2260 340 2284 D
365 2261 410 2286 la.
435 2261 461 2286 ὀ.
487 2260 512 2285 G
534 2261 580 2293 321,
602 2261 661 2286 alii.
764 2261 785 2294 l)
809 2262 889 2287 foras
912 2262 935 2288 C
959 2260 997 2288 ⁶1.
1024 2264 1036 2287 1
1151 2263 1191 2296 m)
1216 2272 1276 2295 qua
1298 2264 1324 2289 G
1350 2267 1382 2295 13
1415 2265 1487 2296 quia
1510 2265 1536 2289 G
1561 2267 1587 2290 2.

104 2298 134 2331 n)
158 2301 278 2324 rexerat
298 2306 373 2324 corr.
396 2302 536 2324 erexerat
558 2300 581 2324 A
606 2301 631 2332 1,
654 2303 677 2324 e!
700 2300 738 2325 ἰεα
763 2301 784 2326 C
809 2302 833 2325 1.
856 2302 893 2327 D.
914 2302 938 2326 Ε
964 2303 989 2326 1.
1012 2302 1034 2326 P
1056 2302 1083 2328 4.
1177 2302 1204 2335 ο)
1229 2304 1267 2327 ita
1290 2303 1316 2327 A
1341 2305 1366 2329 1.
1390 2304 1412 2328 F
1438 2305 1469 2336 ις
1491 2304 1589 2336 sepol—

104 2338 155 2363 liri
177 2339 218 2361 vel
239 2338 365 2369 sepeliri
387 2338 478 2362 ceteri.
570 2338 601 2369 p)
625 2339 689 2370 ipse
715 2354 746 2358 --
770 2342 815 2364 est
836 2340 891 2365 des.
915 2340 937 2365 C
960 2341 986 2366 2.
1079 2340 1110 2372 q)
1133 2348 1262 2373 regnans
1285 2341 1311 2367 A
1335 2343 1360 2374 3,
1384 2350 1396 2367 0
1418 2350 1492 2368 corr.
1517 2343 1539 2367 F
1564 2344 1587 2369 1.

103 2377 151 2401 ubi
174 2380 326 2407 'regnator
349 2376 444 2408 fuisse
465 2376 575 2401 videtur
597 2381 620 2401 ce
638 2381 738 2408 postca
769 2379 926 2403 restitutum
949 2382 1002 2409 esu
1035 2383 1211 2410 regnatorus
1234 2382 1257 2405 Β
1281 2381 1308 2406 3.
1404 2379 1428 2413 r)
1451 2382 1533 2406 omni
1557 2381 1588 2407 C.

103 2416 140 2440 D.
163 2416 198 2441 E.
221 2416 243 2440 F
266 2416 351 2442 1-4,
375 2415 409 2440 G.
434 2415 456 2441 1.
558 2415 583 2447 s)
607 2417 724 2441 indicem
747 2418 877 2442 omittunt
910 2417 934 2442 A
957 2416 996 2442 '2.
1030 2419 1053 2442 B
1079 2419 1104 2444 2.
1127 2420 1150 2443 E
1173 2420 1200 2445 4.
1224 2419 1246 2443 F
1271 2421 1295 2447 1.
1318 2419 1345 2447 5.
1368 2419 1393 2445 G
1417 2420 1469 2451 5b3
1502 2421 1589 2445 alium

103 2454 182 2479 habet
212 2455 235 2478 F
259 2456 295 2486 2,
337 2455 378 2478 ita
409 2454 564 2485 incipiens:
608 2456 653 2480 De
685 2456 852 2481 Romoaldo
885 2457 1171 2483 Beneventanorum
1215 2458 1291 2483 duce
1324 2462 1353 2483 et
1386 2460 1480 2489 gestis
1512 2460 1587 2484 eius.

103 2492 125 2525 t)
149 2493 297 2518 Rimwald
321 2492 346 2517 G
369 2494 384 2517 2
406 2499 637 2525 ποτιτιιιυιᾳιιαπις
671 2495 791 2520 Roxualt
813 2496 839 2520 D
865 2496 895 2525 1;
928 2496 1069 2521 Romoalt
1093 2496 1115 2522 C
1139 2498 1172 2527 l;
1204 2497 1356 2522 Rumuald
1379 2505 1391 2522 ε
1412 2505 1488 2522 corr.
1511 2498 1537 2524 G
1561 2500 1586 2523 1.

105 2530 139 2563 u)
159 2531 351 2557 Theoderata
381 2531 407 2556 Α
432 2534 457 2564 1,
489 2532 536 2556 sed
557 2532 637 2564 infra
666 2533 799 2564 Theud.;
832 2534 1023 2559 Theodoram
1048 2535 1073 2561 G
1099 2537 1129 2567 13
1152 2536 1247 2562 Teud.
1271 2537 1292 2560 C
1315 2535 1358 2567 ‘13
1393 2537 1503 2562 mulier
1524 2538 1588 2562 eius

105 2570 172 2595 add.
194 2570 218 2594 L
243 2572 268 2602 1,
300 2571 349 2601 qui
370 2571 412 2594 hic
434 2577 544 2602 quoquc
565 2572 680 2603 saepius
701 2580 718 2596 α
742 2573 826 2597 Pauli
846 2573 937 2598 verbis
959 2575 1068 2599 recedit.
1171 2574 1200 2607 v)
1224 2582 1326 2600 noi-nm
1347 2576 1402 2601 inc.
1425 2583 1486 2607 ary.
1511 2576 1538 2600 Η
1562 2578 1587 2602 1.

105 2608 143 2641 w)
162 2609 313 2634 Romoald
335 2610 361 2634 A
386 2611 410 2634 l.
433 2610 459 2633 D
482 2607 543 2635 Ἔτι.
566 2611 598 2641 4;
621 2611 760 2636 Romoalt
783 2612 804 2637 C
829 2613 863 2643 13
886 2613 1014 2638 Romam
1036 2614 1063 2638 D
1088 2614 1121 2644 13
1144 2614 1312 2639 Romualdo
1334 2615 1361 2639 D
1385 2615 1420 2645 83
1452 2614 1589 2640 Rodoald

105 2655 118 2672 e
139 2655 214 2676 corr,
236 2649 259 2673 Β
285 2649 316 2679 1;
339 2648 479 2673 Roduald
502 2649 527 2673 A
550 2649 584 2680 3?
616 2649 774 2675 Rodoaldo
798 2652 822 2676 Ε
848 2652 872 2676 1.
898 2652 923 2676 G
948 2653 973 2678 l.
997 2653 1022 2677 2.
1124 2651 1155 2684 x)
1179 2653 1433 2678 Foroiulanorum
1456 2655 1479 2678 B
1504 2656 1529 2679 1.
1556 2669 1588 2672 —

105 2689 135 2711 et
158 2701 190 2705 —
213 2687 326 2712 invasit
347 2687 402 2712 des.
426 2687 448 2713 C
471 2687 496 2714 3.
587 2687 617 2720 y)
640 2687 786 2714 Ansefriti
810 2689 832 2716 C
856 2692 881 2716 1.
905 2691 931 2714 D
957 2691 988 2720 13
1022 2690 1186 2717 Ausefrido
1208 2692 1235 2716 D
1261 2693 1290 2722 2;
1314 2692 1438 2718 Ansfritl
1462 2692 1488 2718 G
1512 2694 1539 2718 1.
1563 2693 1588 2724 2,

105 2725 164 2750 alii.
267 2724 294 2758 z)
317 2733 386 2751 eum
408 2726 434 2751 G
458 2727 483 2751 1.
507 2727 532 2752 2.
634 2726 662 2759 a)
687 2731 715 2754 et
737 2728 774 2753 de
797 2736 823 2754 e.
846 2729 885 2754 D.
910 2737 935 2756 0.
958 2729 1013 2755 des.
1038 2730 1060 2756 C
1084 2731 1110 2756 3.
1214 2730 1244 2763 b)
1268 2732 1376 2756 Ticina
1399 2732 1420 2757 C
1443 2731 1483 2763 ²1,
1513 2739 1589 2757 corr.

106 2764 214 2790 Ticino
236 2765 263 2790 D
288 2766 311 2798 1,
334 2768 357 2789 ce
378 2765 419 2789 ita
440 2765 492 2789 alii
512 2766 549 2790 D.
573 2766 599 2790 11
625 2767 654 2797 ις
678 2767 781 2792 'ritina
804 2768 825 2794 C
851 2769 877 2793 1.

1604 1603 1651 1637 ‘p.
1677 1604 1744 1631 1⁶22
