1852 3141
272 141 417 174 PAULI
443 141 670 174 HISTORIA
697 141 1141 174 LANGOBARDORUM.
1192 142 1286 175 LIB.
1314 143 1356 175 V.
1488 144 1555 175 177

255 251 610 293 *INCIPIUNTa
642 251 938 294 CAPITULA
966 252 1126 293 LIBRI
1155 252 1372 304 QUINTI.
1569 264 1617 298 ἰ).
1644 268 1711 294 140,

103 309 138 348 1.
198 307 420 358 Quomodo
452 306 715 359 G1·inmald¹‘,
753 307 1024 349 confirmatoc
1054 322 1197 362 regno,
1227 322 1404 348 uxorem
1434 308 1557 349 duxit

198 362 327 402 filiam
357 362 544 416 Ariperti
574 363 683 417 regis
698 364 728 403 d.

195 417 262 459 De
293 417 394 472 fuga
422 418 640 470 Perctarit7
672 423 712 459 et
742 418 953 473 quomodo
985 418 1061 458 ade
1094 417 1389 459 Grimualdum
1418 433 1553 460 rever-

199 488 269 513 sus
301 480 364 513 est
392 480 433 514 et
462 473 611 514 iterum
642 473 685 513 in
714 473 919 514 Franciaf
948 473 1066 528 fugit.

196 528 264 569 De
295 527 517 569 elementia
547 527 783 569 Grimualdi
811 529 955 583 regis&
985 529 1027 568 in
1057 527 1214 570 Unulfo
1228 529 1244 554 ¹¹
1286 535 1327 569 et
1356 529 1552 570 vestiario

195 584 401 624 Perctarit
412 584 435 624 i.

198 638 421 690 Quomodo
433 639 451 664 ¹<
485 637 705 679 Grimuald
745 637 950 679 Unulfum
993 646 1033 679 ct
1069 639 1311 680 vestiarium
1348 640 1553 681 Perctarit

197 693 250 734 ad
290 694 488 735 eundem¹
521 694 727 734 Perctarit
752 694 847 734 irem
878 695 1078 748 permisit.

196 748 358 790 Bellum
382 748 618 790 Grimualdi
637 749 862 789 adversum
874 758 892 775 ¹¹
913 749 1100 789 Francos
1124 757 1164 790 et
1184 750 1402 790 victoriam
1416 758 1430 775 ⁰
1448 751 1550 791 eius.

195 804 417 856 Quomodo
464 803 671 845 Constans
716 810 921 859 augustus
965 804 1128 845 Italiam
1140 813 1157 838 Ρ
1188 805 1374 858 veniens,
1419 807 1551 847 Bene-

194 866 397 900 ventum‘l
429 859 603 900 obsedit.

193 915 416 966 Quomodo
463 913 684 955 Grimuald
727 915 924 956 invitatus
969 929 993 955 a
1035 914 1119 955 filio
1172 929 1248 955 suo
1293 915 1552 957 Romualdor

192 970 479 1011 Beneventum
509 969 690 1010 advenit.

96 419 137 846 0201229020

97 915 133 956 J]

67 1052 96 1084 a)
121 1053 234 1084 Incipit
256 1052 281 1077 A
306 1055 340 1084 13
370 1055 394 1078 I.
419 1061 442 1080 c.
467 1054 502 1079 de
523 1054 600 1078 libro
624 1055 675 1085 qui
698 1054 933 1085 superscriptum
956 1056 1001 1078 est
1021 1054 1043 1077 F
1068 1055 1080 1078 1
1112 1055 1142 1078 in
1166 1055 1261 1078 ultimo
1277 1054 1354 1085 folio
1378 1054 1417 1088 (υ,
1436 1062 1466 1086 p.
1493 1056 1547 1080 176

65 1098 95 1116 n.
119 1090 158 1123 e).
180 1092 204 1116 B
229 1093 242 1116 l
267 1096 433 1123 aryumenta
462 1094 502 1117 ica
531 1093 629 1117 habet:
661 1093 879 1124 Incipiunt
909 1093 1089 1124 capitula
1119 1093 1216 1118 libri
1241 1094 1385 1124 quinti.
1431 1094 1547 1119 Grime-

65 1130 152 1155 aldus
182 1131 262 1161 regis
288 1132 381 1156 filiam
412 1133 497 1157 duxit
527 1139 663 1157 uxorem.
725 1132 864 1156 Bcrthari
892 1132 929 1155 ad
961 1131 1136 1156 Grimoaldo
1166 1133 1337 1157 revertitur.
1391 1132 1548 1162 Quomodo

64 1170 185 1194 Bertari
217 1171 380 1200 requisitus
409 1179 469 1196 non
498 1171 660 1196 invenitur.
705 1171 832 1195 Unulfus
855 1173 884 1195 et
906 1171 1066 1195 vestiarius
1089 1171 1205 1195 dimissi
1229 1177 1245 1195 a
1267 1171 1387 1195 Bertari
1409 1175 1547 1202 pergunt.

65 1209 250 1233 Francorum
281 1211 432 1234 exercitus
462 1211 493 1234 in
520 1210 610 1234 Italia
639 1217 656 1234 a
683 1210 802 1234 Bertari
832 1210 953 1233 invitati
986 1209 1122 1233 devictus
1152 1212 1205 1234 est.
1258 1209 1474 1235 Constantinus
1498 1218 1548 1235 au-

63 1250 166 1278 gustus
188 1254 278 1278 super
300 1249 394 1279 Lang.
418 1249 510 1274 venit.
553 1250 707 1279 Augustus
729 1249 938 1273 Beneventum
970 1248 1095 1273 obsedit.
1139 1248 1217 1278 Quia
1240 1248 1399 1273 Sisualdus
1421 1250 1548 1274 falsitati

64 1293 126 1310 non
149 1287 291 1319 adsensit.
315 1288 431 1312 occisus
460 1290 514 1312 est.
566 1288 658 1318 Fugit
680 1288 836 1318 inperator
864 1287 1074 1311 (irimoaldum
1106 1288 1185 1317 regis
1216 1287 1355 1313 adventu.
1398 1287 1548 1313 Saburrus

65 1325 197 1350 directus
219 1325 256 1349 ab
287 1329 413 1356 augusto
437 1333 454 1350 a
476 1319 622 1352 Rgmoald
651 1326 748 1351 victus
778 1328 831 1350 cst.
875 1327 1043 1350 Devastata
1072 1326 1177 1358 Roma,
1208 1326 1314 1351 Sicilia
1343 1326 1466 1359 afflicta,
1497 1334 1547 1352 au·

64 1366 168 1394 gustus
191 1371 208 1388 a
229 1365 290 1389 suis
323 1366 480 1390 occiditur.
522 1365 684 1389 Metentius
712 1365 878 1395 imperator
907 1365 1003 1389 factus
1032 1365 1069 1389 ad
1097 1365 1186 1389 ltalie
1217 1365 1364 1390 militibus
1395 1373 1462 1391 cum
1484 1367 1547 1391 suis

65 1403 221 1427 occiditur.
266 1403 426 1428 Sarrae-eni
449 1404 557 1429 Sicilia
581 1404 782 1428 inv-asserunt.
826 1403 993 1428 Grimoalui
1017 1404 1135 1429 obsides
1158 1404 1238 1434 regis
1260 1404 1324 1429 filia
1346 1405 1417 1429 data
1440 1404 1546 1429 Sicilia

64 1441 200 1466 moritur.
243 1442 308 1466 Hoc
330 1445 465 1474 tempore
494 1443 587 1467 multe
615 1443 718 1473 pluvie
741 1444 770 1466 et
791 1442 919 1472 fulgore.
969 1443 1073 1474 Erepti
1094 1443 1306 1467 Beneventani
1329 1450 1345 1467 a
1369 1442 1546 1468 Grimoalclo

64 1486 145 1511 rege.
207 1481 242 1505 In
271 1482 421 1506 Foroiulii
449 1483 519 1513 post
549 1480 689 1506 Grasulfo
712 1480 805 1513 Agus7
838 1481 947 1505 deinde
969 1481 1081 1512 Lupus.
1145 1481 1340 1506 Grimoaldus
1372 1489 1425 1507 rex
1455 1489 1547 1514 super

62 1519 183 1550 Lupum
213 1520 317 1544 ducem
347 1520 463 1545 Avares
492 1521 609 1546 invitat.
671 1521 778 1545 Occiso
809 1520 894 1551 Lupo
925 1520 1010 1551 (luce,
1041 1520 1134 1544 Avari
1156 1521 1347 1545 Foroiulium
1380 1522 1535 1552 possident

64 1558 256 1582 Grimoaldus
279 1559 309 1583 in
333 1558 435 1584 Genus
464 1566 566 1590 pugna
587 1566 707 1590 parans,
730 1559 898 1583 Avarorum
921 1559 1087 1583 exercitum
1109 1559 1203 1589 fugat.
1249 1559 1457 1585 Warnefridus
1480 1567 1547 1584 cum

62 1597 171 1621 Avaris
200 1598 280 1628 apud
303 1598 414 1623 Nemas
444 1602 574 1623 castrum
604 1598 760 1622 occiditur.
821 1598 938 1623 VVetari
967 1598 1027 1622 dux
1057 1605 1124 1622 cum
1147 1598 1265 1623 Sclavis
1295 1598 1443 1623 dimicans
1466 1600 1548 1624 vicit.

61 1636 133 1660 Post
155 1636 270 1660 VVetari
292 1637 434 1669 Laudari,
463 1640 567 1668 postea
590 1637 762 1661 Rodoaldus
786 1636 855 1661 dux.
898 1637 963 1661 Rex
986 1637 1065 1667 Lupi
1095 1637 1187 1661 filiam
1211 1637 1382 1662 Rumualslo
1406 1644 1460 1662 suo
1483 1638 1546 1662 filio

60 1681 185 1699 uxorem
209 1675 300 1699 dedit.
362 1676 408 1700 De
438 1677 500 1700 suis
531 1675 703 1700 infidelibus
726 1682 779 1700 rex
812 1676 980 1699 ulciscitur.
1042 1676 1153 1700 Forum
1176 1677 1285 1707 Populi
1313 1677 1438 1707 eiusque
1461 1676 1546 1701 habi-

61 1715 174 1738 tatores
197 1721 249 1738 rex
272 1715 405 1744 graviter
433 1714 544 1742 atrivit,
605 1715 734 1745 Propter
763 1714 929 1738 vindictam
958 1714 1084 1738 fratrum
1108 1721 1125 1738 a
1146 1715 1291 1739 Romanis
1322 1715 1429 1739 occisis
1452 1715 1547 1740 multa

61 1754 166 1777 contra
189 1759 240 1777 eos
263 1754 407 1778 exercuit.
471 1753 617 1784 Bulgares
642 1752 836 1777 Griinoaldus
866 1753 946 1784 apud
968 1755 1178 1778 Beneventum
1201 1754 1339 1778 collocat.
1402 1755 1545 1778 Extincto

60 1792 211 1816 Mecentio
233 1792 362 1824 tiranno,
386 1792 604 1817 Constantinus
627 1793 792 1823 imperator
814 1791 955 1817 efficitur.
997 1791 1092 1816 Stella
1121 1794 1245 1817 cometis
1277 1795 1454 1824 apparente,
1478 1793 1545 1817 sub-

60 1832 197 1862 sequitur
225 1838 335 1861 magna
363 1832 542 1855 mortalitas.
605 1830 800 1856 Grimoaldus
833 1838 899 1855 cum
921 1831 1095 1861 Dagoberto
1124 1838 1195 1861 rege
1223 1832 1410 1856 Francorum
1439 1838 1546 1863 pacem

60 1871 146 1900 feeit3
175 1870 280 1894 fraudo
309 1870 495 1895 medicorum
524 1870 659 1895 moritur.
711 1870 803 1894 Berta
825 1870 994 1895 revertitur.
1047 1870 1187 1895 Berthari
1210 1870 1427 1895 chunibertum
1451 1871 1547 1895 filium

62 1911 92 1934 in
114 1916 241 1939 regnum
264 1909 382 1934 asotiat.
431 1909 575 1940 Nequitia
597 1909 719 1933 Alachis
749 1911 853 1933 contra
875 1908 1105 1934 chunibertum.
1153 1909 1356 1934 Chunibertus
1378 1909 1546 1940 Anglorum

61 1955 174 1979 genere
197 1948 282 1972 duxit
304 1954 439 1972 uxorem.
501 1948 626 1973 Alachis
644 1941 826 1973 'Chuniberti
854 1948 1000 1979 palatium
1031 1948 1142 1972 invasit
1165 1951 1193 1972 et
1216 1948 1385 1973 rebellavit.
1448 1948 1546 1974 Verba

62 1988 149 2019 pueri
171 1987 222 2017 qui
240 1987 389 2012 Aldonem
412 1989 441 2012 et
463 1986 652 2012 Grausonetn
674 1987 871 2017 perturbavit.
913 1987 950 2011 Iu
973 1986 1124 2012 Coronate
1147 1994 1251 2018 pugna
1273 1987 1436 2011 coniititur.
1480 1987 1545 2011 Ex-

60 2027 237 2058 pliciunt
260 2026 445 2057 capitula.
495 2026 642 2057 Incipit
670 2026 775 2051 liber
802 2028 832 2050 V.
865 2040 897 2043 —
922 2025 947 2049 A
971 2026 985 2050 6
1016 2025 1055 2049 ita
1077 2026 1171 2050 habet:
1202 2028 1227 2052 1.
1251 2026 1407 2055 Quomodo
1431 2025 1546 2051 Grimo-

61 2066 112 2090 ald
134 2064 328 2089 confirmatur
350 2065 380 2089 in
404 2071 506 2095 regno.
559 2066 584 2089 2.
607 2065 653 2090 De
676 2064 747 2094 suga
769 2065 899 2089 Pertarit
928 2065 958 2088 in
989 2063 1095 2096 Simia,
1119 2068 1147 2089 et
1177 2065 1328 2095 quomodo
1352 2064 1545 2089 Grimoaldus

60 2105 99 2129 ad
121 2110 221 2135 regem
245 2111 389 2128 cacanum
412 2104 501 2135 misit,
523 2105 554 2128 ut
578 2110 645 2128 eum
670 2103 839 2134 expelleret
861 2103 897 2128 (le
920 2110 975 2127 sua
997 2103 1127 2134 civitate,
1151 2106 1180 2128 et
1202 2104 1237 2128 de
1260 2103 1415 2135 provintia
1437 2102 1544 2134 Simia,

59 2146 89 2168 ot
119 2149 212 2173 quare
243 2143 312 2167 dicti
343 2144 412 2166 sunt
439 2142 541 2167 Scithe
563 2143 744 2174 Massagete,
777 2144 805 2166 et
826 2142 982 2173 Hircania,
1013 2144 1041 2166 ct
1063 2143 1199 2173 Hit-cani,
1232 2145 1259 2167 et
1290 2142 1368 2166 uude
1399 2142 1545 2166 Armenia

59 2181 180 2212 dieitur,
212 2183 241 2205 ot
271 2181 397 2205 Hiberia
428 2181 506 2205 unde
535 2181 659 2223 dicitur·
683 2184 711 2205 et
740 2180 872 2205 Albania
899 2180 977 2205 unde
1011 2181 1131 2206 dicitur.
1193 2181 1218 2206 3.
1242 2181 1399 2210 Quomodo
1427 2180 1545 2205 Portari

61 2221 231 2246 revertente
265 2220 301 2243 ad
325 2219 535 2244 Grimoaldum
568 2226 668 2249 regem
700 2220 780 2243 misit
808 2219 953 2244 Unulfum
988 2218 1107 2244 fidelem
1136 2227 1223 2244 suum
1252 2220 1289 2244 ad
1319 2226 1387 2244 eum
1419 2222 1488 2244 ante
1512 2225 1543 2243 sc

59 2262 118 2291 etc„
142 2264 213 2288 quae
235 2258 385 2282 avt-scrihere
414 2258 526 2289 lonyum
547 2262 617 2282 erac.
644 2272 676 2275 —
701 2258 722 2281 F
737 2259 752 2282 2
776 2258 834 2282 ita:
864 2258 1020 2282 Grimoald
1043 2259 1124 2288 regis
1147 2258 1239 2283 tiliam
1263 2265 1383 2282 sumens
1406 2264 1544 2283 uxorem.

60 2297 176 2329 pariter
202 2297 367 2321 exercitum
396 2297 433 2320 ad
461 2297 585 2327 propria
614 2296 737 2321 remisit.
808 2297 863 2320 Hic
893 2296 1043 2320 Pei-tarith
1075 2297 1111 2321 ad
1142 2297 1351 2321 (iriinoaldum
1383 2297 1544 2321 revertitur

60 2336 173 2361 insidia
194 2335 299 2360 ductus
323 2334 462 2367 (doctus).
506 2335 661 2364 Quomodo
684 2335 833 2359 Pertarissi
863 2335 1022 2365 requirunt
1044 2342 1105 2359 non
1129 2336 1330 2361 invenientes.
1373 2336 1443 2360 Post
1466 2335 1543 2359 haec

62 2373 192 2401 Unulfus
216 2381 281 2398 cum
310 2373 453 2397 vestiario
476 2380 493 2397 a
516 2380 584 2404 rege
617 2374 758 2398 dimissus
781 2377 827 2399 etc.
853 2387 886 2392 -
913 2373 1001 2398 Totus
1022 2374 1104 2397 indei-
1126 2374 1264 2398 omitaeieur
1287 2374 1312 2398 Α
1335 2372 1374 2399 ’2.
1398 2375 1420 2398 Β
1447 2375 1492 2398 fla.
1515 2374 1542 2398 3.

62 2415 85 2438 E
107 2414 134 2439 4.
156 2413 179 2437 F
204 2412 229 2437 3.
255 2412 279 2436 (ἶ
302 2412 348 2437 51).
404 2412 437 2436 In
461 2412 485 2436 G
511 2414 522 2436 1
539 2412 616 2442 folio
648 2413 736 2436 exciso
766 2415 932 2442 armamenta
954 2419 976 2436 c.
1003 2414 1044 2435 1-
1060 2413 1104 2436 21.
1127 2413 1236 2439 desunt.
1317 2411 1346 2443 b)
1372 2411 1544 2437 Grimwald

60 2459 168 2483 sempev·
191 2450 268 2476 (ΓΞ.
283 2452 316 2482 2;
336 2454 434 2482 postea
457 2451 538 2475 etiam
562 2451 586 2475 G
602 2453 626 2476 1.
709 2450 735 2481 c)
760 2451 955 2476 confirmatus
978 2454 1021 2475 est
1043 2451 1074 2475 in
1098 2458 1119 2476 r.
1144 2451 1243 2477 011.
1326 2449 1356 2483 d)
1379 2452 1451 2475 deest
1475 2451 1544 2475 1⁷11.

62 2490 91 2523 e)
114 2498 132 2515 a
154 2491 174 2514 Γ
200 2492 224 2515 1.
325 2489 347 2521 s)
371 2490 479 2514 Fracia
509 2489 535 2514 A
560 2491 584 2514 1.
618 2490 640 2514 Ε
666 2491 696 2520 1;
729 2490 759 2514 it.
793 2489 904 2514 faciam
927 2490 949 2513 1⁴*
974 2490 1008 2519 1;
1040 2490 1073 2514 it.
1097 2490 1242 2514 Faucium
1273 2497 1347 2515 corr.
1381 2490 1544 2514 Frauciam

64 2530 90 2555 G
112 2530 138 2561 3,
170 2532 192 2553 et
214 2529 253 2552 ita
287 2528 313 2553 G
336 2527 375 2554 '2.
401 2529 430 2559 23
465 2529 495 2554 it.
529 2529 559 2553 iu
586 2527 785 2561 Frant(o)ia1n
818 2528 843 2553 Α
869 2530 893 2552 2.
927 2528 948 2553 C
972 2529 999 2552 1.
1023 2528 1048 2552 D
1074 2530 1097 2552 1.
1122 2530 1146 2554 2.
1173 2529 1198 2553 3.
1223 2530 1245 2551 (ὗ
1271 2530 1324 2559 ὃτι;
1356 2529 1386 2553 iu
1410 2529 1543 2553 infancia

60 2569 88 2593 D
112 2566 177 2598 ⁸3:13
200 2575 217 2592 a
239 2567 317 2593 facie
339 2568 404 2592 eius
427 2568 449 2591 F
472 2567 499 2592 5.
582 2566 611 2599 g)
634 2568 704 2591 deca-t
727 2568 753 2591 D
776 2568 802 2592 2.
825 2567 849 2593 3.
940 2566 970 2598 h)
995 2567 1129 2591 Iiuuulso
1152 2568 1177 2591 D
1202 2568 1228 2592 2.
1253 2567 1279 2591 3.
1363 2566 1384 2598 i)
1407 2568 1439 2592 P.
1464 2568 1544 2598 regis

62 2608 89 2632 D
105 2608 130 2632 2.
155 2607 181 2633 3,
271 2605 301 2638 k)
326 2606 481 2636 Quomodo
507 2620 539 2624 —
562 2606 709 2630 l'erctarit
741 2607 795 2631 des.
819 2606 841 2630 C
864 2605 901 2629 ¹1.
993 2604 1014 2637 l)
1036 2613 1104 2631 cum
1127 2607 1158 2632 F.
1183 2606 1224 2637 (ὗς
1257 2607 1288 2632 l‘.
1320 2607 1391 2631 deest
1416 2607 1440 2631 D
1465 2607 1492 2631 ⁴2.
1517 2606 1542 2632 3.

64 2645 105 2677 (ἢ
128 2646 166 2670 ad
188 2652 213 2670 e.
234 2645 268 2671 P.
302 2646 357 2671 des.
380 2644 405 2669 A
429 2645 454 2671 3.
554 2643 594 2677 m)
618 2645 650 2670 P.
684 2647 825 2676 nepotem
858 2645 880 2669 F
906 2646 929 2676 1,
962 2644 1009 2669 ulai
1030 2645 1048 2668 i.
1074 2652 1100 2675 p.
1134 2647 1243 2669 desunt.
1346 2644 1376 2677 n)
1399 2646 1543 2670 adversus

63 2685 100 2709 D.
123 2685 157 2709 F'.
181 2684 217 2710 G.
300 2683 328 2716 o)
349 2685 475 2709 victoria
498 2682 522 2707 A
546 2684 572 2709 3.
595 2684 621 2708 D
646 2685 660 2708 2
696 2684 723 2710 3.
747 2684 769 2708 F
792 2684 818 2709 5.
844 2684 899 2713 113
922 2683 958 2708 de
980 2684 1108 2708 victoria
1132 2684 1214 2710 G5o.
1242 2699 1274 2703 ““
1297 2685 1362 2709 cius
1384 2685 1455 2709 deest
1480 2684 1505 2709 G
1519 2685 1544 2709 2.

63 2722 93 2755 p)
116 2723 204 2748 Italia
227 2722 301 2754 (¹⁷⁴2.
403 2722 432 2755 q)
455 2724 635 2749 Berrcntuin
668 2722 693 2747 G
716 2723 743 2749 3.
844 2722 867 2753 r)
891 2723 1060 2747 Rimwaldo
1082 2731 1156 2748 corr.
1180 2723 1368 2752 numu-aldo,
1396 2727 1419 2748 cr
1443 2724 1481 2748 ita
1506 2723 1548 2747 re(

63 2762 218 2787 Romwald
236 2766 334 2793 postea
358 2762 384 2788 G
407 2763 432 2788 2.
457 2777 488 2781 -
512 2762 691 2788 Bcneveutu
714 2762 736 2786 1³
761 2763 784 2788 1.

1196 2819 1236 2849 12
