1852 3141
110 1042 162 1077 'p.
186 1045 252 1071 161.

257 95 326 127 ‘206
467 92 611 125 PAULI
640 90 869 124 HISTORIA
897 90 1339 124 LANGOBARDORUM.
1392 89 1482 122 LIB.
1511 90 1554 122 V.

258 205 309 246 de
349 203 526 245 tentorio
566 209 752 242 armatus
794 214 1000 255 cgrcsSUS,
1041 214 1116 240 rex
1158 200 1417 256 Cunincpcrt
1456 200 1509 241 ab
1546 199 1742 241 omnibus

259 275 349 301 csse
389 263 648 313 putaretura.
710 256 995 297 Commissum
1034 256 1177 309 itaque
1208 263 1271 296 est
1309 256 1515 310 proelium
1546 263 1586 297 et
1615 257 1743 297 totisb

258 315 418 356 viribus
459 312 730 353 decertatum.
800 310 993 365 Cumque
1035 310 1183 351 Alahis
1224 311 1284 352 ibi
1323 312 1460 365 magis
1499 312 1745 364 intenderet,

259 369 331 411 ubi
361 383 505 423 regem
527 375 647 408 essec
676 373 856 422 putaret,
888 366 1222 421 Cunincpertum
1244 381 1287 407 se
1318 367 1549 408 extinxisse
1580 374 1747 424 putans,

261 424 502 467 Senonemd
533 423 755 464 diaconem
790 421 1043 463 interfecitss.
1103 421 1296 476 Cumque
1328 429 1455 477 caput
1483 423 1571 463 eius
1602 438 1750 478 ampu-

260 481 338 521 tari
368 479 663 535 praecepisset,
694 485 752 531 ut,
782 477 921 518 levato
943 478 1082 518 eoins
1113 484 1249 529 conto,
1281 476 1389 518 ‘Dco
1413 478 1581 531 gratias’
1611 478 1751 519 adcla—

262 542 475 587 marentg,
519 533 684 575 sublata
728 533 914 586 casside,
961 532 1159 574 clericum
1205 548 1248 574 se
1293 532 1498 574 occidisse
1540 535 1748 588 cognovit.

261 592 382 633 Tunc
414 589 666 631 fm·ibundus
688 587 952 630 exclamans:
984 588 1095 629 ‘Heu
1115 589 1216 630 me!’
1248 589 1395 643 inquit,
1428 587 1544 629 ‘nihil
1574 589 1750 644 egimus,

262 646 430 701 quando
451 646 506 687 ad
535 645 615 686 hoe
645 644 851 700 proelium
881 645 1104 699 gessimus,
1134 651 1180 685 ut
1210 643 1411 685 clericum
1442 643 1754 685 occiderimush.

262 702 366 744 Tale
406 703 547 757 itaque
577 715 690 742 nunc
728 699 837 741 facio
873 707 1030 753 votum,
1070 707 1127 753 ut,
1169 700 1204 740 si
1243 699 1346 739 mihi
1375 700 1493 741 Deus
1531 700 1753 742 victoriam

263 760 414 800 iterum
436 756 611 810 dederit,
642 755 756 812 quod
784 771 915 797 unum
945 762 1119 811 puteum
1141 755 1192 796 de
1223 754 1424 796 testiculis
1454 755 1655 811 impleam
1677 754 1754 796 cle-

263 812 476 855 ricorum'.

376 869 443 909 41.
501 868 638 923 Igitur
660 867 920 922 Cunincpert
949 866 1204 922 perdidissei
1238 881 1336 907 suos
1365 867 1642 922 conspiciens,
1673 872 1754 906 sta-

265 925 341 966 tim
374 939 417 965 se
449 923 539 964 615ιι
572 922 753 964 ostendit
785 923 1057 977 omniumque
1089 921 1226 971 corda,
1272 921 1457 963 sublatol
1487 936 1657 977 pavore,
1699 921 1754 962 ad

267 979 550 1036 sperandamm
572 979 793 1019 victoriam
811 978 1072 1019 confortavit.
1116 978 1386 1018 Instruuntur
1398 986 1415 1004 ¹¹
1431 978 1581 1018 iterum
1604 977 1756 1030 *acies,

267 1043 334 1078 et⁰
376 1034 472 1075 hinc
504 1033 776 1089 Cunincpert,
818 1034 915 1075 inde
946 1033 1093 1074 Alahis
1133 1033 1216 1073 adlJ
1247 1032 1347 1074 belli
1378 1034 1607 1074 certamina
1637 1047 1756 1088 prae-

266 1097 480 1147 parantur.
542 1088 736 1144 Cumque
750 1097 767 1123 ‘1
789 1089 874 1129 iam
904 1102 1036 1144 prope
1068 1096 1206 1130 essent
1217 1096 1244 1141 r,
1274 1096 1319 1130 ut
1341 1104 1383 1129 sc
1414 1096 1615 1143 utraeque
1645 1088 1758 1129 acies

266 1146 320 1188 ad
358 1144 636 1201 pugnandum
676 1145 989 1198 coniungerent,
1033 1143 1292 1199 Cunincpert
1321 1143 1402 1184 ads
1433 1143 1579 1185 Alahis
1609 1145 1757 1184 iterato

266 1203 311 1243 in
331 1201 437 1242 haec
456 1200 589 1242 verba-
620 1200 858 1241 mandavit:
890 1200 1031 1252 ‘Ecce,
1062 1202 1266 1254 quantust
1294 1199 1476 1255 populus
1498 1215 1552 1240 ex
1581 1206 1758 1254 utraque

267 1264 389 1313 parte
420 1256 631 1297 consistit!
686 1255 800 1308 Quid
838 1270 943 1311 opus
974 1261 1058 1307 est,
1099 1261 1145 1296 ut
1183 1262 1300 1296 tanta
1328 1254 1552 1296 multitudo
1583 1255 1761 1310 pereat?

270 1313 592 1367 Coniungamus
631 1326 708 1352 nos
748 1325 828 1367 ego
868 1318 910 1352 et
947 1309 1014 1352 ille
1052 1309 1284 1366 singulariu
1316 1311 1565 1363 certamine,
1614 1316 1655 1351 et
1693 1310 1759 1350 cui

270 1367 449 1410 voluerit
477 1367 689 1408 Dominus
711 1368 763 1408 de
793 1367 915 1408 nobis
946 1366 1124 1406 donarev
1156 1366 1391 1419 victoriam,
1423 1374 1619 1407 omnemw
1649 1365 1761 1405 huno

271 1423 478 1480 populum
515 1422 708 1464 salvumX
748 1429 789 1463 et
828 1420 1081 1463 incolomem
1111 1423 1233 1477 ipsey
1268 1421 1504 1477 possideat'.
1566 1421 1760 1476 Cumque

271 1479 419 1520 Alahis
460 1479 553 1519 suiz
594 1478 882 1530 hortarentur,
926 1483 997 1519 uta
1038 1477 1196 1518 faceret
1245 1477 1360 1532 quod
1401 1476 1661 1532 Cunincpert
1699 1475 1759 1516 illi

272 1534 509 1587 mandavit,
550 1534 640 1589 ipse
679 1534 914 1589 respondit:
974 1532 1083 1573 ‘Hoc
1133 1533 1271 1574 facere
1317 1547 1395 1588 ego
1445 1547 1531 1573 non
1606 1546 1760 1584 ossum,

273 1591 373 1646 quia
408 1590 517 1631 inter
553 1591 728 1631 contosb
770 1604 868 1630 suos
910 1589 1044 1630 sancti
1079 1587 1347 1642 archangeli⁰
1376 1587 1571 1629 Michahe
1590 1589 1646 1641 is,
1686 1587 1759 1628 ubi

273 1660 353 1700 ego
392 1644 480 1686 illid
524 1646 682 1694 iuravi,
722 1645 980 1700 imagineme
1028 1644 1298 1700 conspicio'l.
1372 1643 1493 1684 Tunc
1532 1643 1666 1684 unusf
1706 1657 1760 1683 ex

272 1701 374 1742 illis:
434 1702 553 1742 ‘Prae
584 1702 766 1757 pavore’,
796 1701 945 1756 inquit,
978 1700 1125 1741 ‘cernis
1148 1699 1261 1754 quod
1291 1713 1376 1740 non
1396 1705 1479 1751 est,
1510 1705 1551 1739 et
1579 1698 1655 1739 tibi
1675 1698 1760 1738 iam

272 1756 392 1799 tarde
436 1762 499 1798 est
543 1755 668 1797 modo
711 1757 792 1797 ista
835 1755 1054 1797 meditari’.
1134 1754 1421 1796 Conseruntur
1463 1755 1605 1809 itaque
1649 1754 1763 1794 acies

275 1887 304 1921 a)
327 1890 484 1920 putaretur
508 1901 540 1905 —
564 1893 667 1918 regem
690 1893 757 1912 esse
778 1887 833 1911 dee.
857 1886 879 1912 C
904 1888 929 1911 1.
1021 1885 1051 1919 b)
1074 1887 1166 1912 totius
1187 1886 1210 1911 F
1234 1887 1259 1910 1.
1292 1885 1317 1911 G
1341 1887 1367 1911 1.
1393 1886 1417 1910 2.
1509 1884 1536 1918 6)
1559 1885 1660 1910 desinit
1681 1885 1706 1911 A
1729 1886 1764 1917 53

275 1929 306 1952 'in
328 1927 354 1951 A
377 1927 414 1952 5a
441 1926 553 1958 reliqua
575 1926 728 1951 recentiore
750 1932 836 1950 mama
859 1926 958 1950 addita
979 1929 1058 1950 sunt.
1161 1924 1192 1957 d)
1215 1925 1337 1950 Senone
1369 1923 1395 1948 A
1418 1926 1444 1957 1,
1466 1924 1514 1949 ubi
1536 1925 1562 1949 d.
1587 1925 1606 1949 i.
1630 1925 1662 1950 C.
1687 1932 1711 1951 c.
1735 1931 1762 1950 e.

275 1974 334 1991 am.
356 1967 411 1991 des.
494 1964 522 1997 e)
543 1965 686 1990 interficit
707 1964 733 1989 A
757 1966 782 1990 2.
807 1964 832 1989 G
848 1965 895 1989 3a.
917 1965 946 1992 4,
1026 1963 1050 1997 f)
1073 1964 1286 1989 incunctanter
1308 1963 1331 1989 C
1352 1962 1391 1988 '1.
1417 1964 1442 1987 1.
1524 1962 1554 1995 g)
1577 1963 1766 1989 adclamaret

275 2005 301 2030 A
324 2005 351 2031 3.
374 2005 398 2030 F
424 2006 449 2029 1.
472 2002 514 2029 ⁸2.
537 2005 564 2030 4.
590 2003 633 2035 G3
665 2006 769 2034 ageret
790 2004 818 2028 H
840 2003 885 2030 5a.
908 2004 922 2028 1
946 2004 971 2029 2.
1073 2002 1103 2035 h)
1127 2004 1167 2027 rita
1189 2003 1215 2028 A
1239 2004 1265 2028 2.
1288 2003 1312 2028 B
1338 2004 1364 2028 1.
1385 2002 1408 2027 F
1433 2004 1458 2026 1.
1481 2001 1507 2028 G
1531 2004 1555 2027 1.
1581 2003 1614 2033 23
1647 2003 1764 2027 occide-

276 2051 376 2070 remus
397 2044 489 2069 ceteri.
590 2042 612 2074 i)
635 2049 690 2074 per
711 2043 829 2068 diverse
851 2042 877 2067 A
902 2044 934 2073 23
965 2049 997 2067 se
1019 2050 1045 2073 p.
1070 2041 1095 2067 G
1116 2043 1134 2066 4
1156 2049 1168 2066 e
1189 2050 1263 2068 corr.
1286 2040 1326 2066 ⁸5.
1350 2042 1401 2071 5a3
1433 2048 1464 2073 p.
1486 2042 1647 2066 victoriam
1671 2041 1697 2066 G
1719 2041 1764 2068 3a.

278 2097 311 2103 —
335 2089 389 2108 suo
413 2082 439 2107 G
462 2084 487 2108 1.
588 2081 620 2114 k)
643 2083 672 2107 ei
693 2082 716 2106 F
742 2083 766 2106 l.
867 2080 890 2114 l)
914 2081 1064 2106 sublatum
1096 2081 1120 2106 F
1144 2082 1168 2106 1.
1269 2079 1311 2113 m)
1334 2081 1514 2112 patrandam
1547 2080 1569 2105 C
1593 2081 1620 2107 1.
1643 2081 1668 2105 2.
1692 2080 1706 2105 1
1731 2082 1766 2112 1;

276 2122 481 2154 peragendam
505 2120 531 2146 G
554 2121 581 2146 2.
662 2119 694 2153 n)
718 2121 877 2145 Instruunt
898 2121 932 2146 F.
956 2120 991 2146 G.
1085 2119 1113 2152 o)
1137 2122 1169 2144 ut
1190 2119 1217 2144 A
1241 2122 1273 2151 13
1295 2120 1367 2144 deest
1389 2119 1413 2144 E
1438 2121 1462 2144 1.
1553 2117 1586 2151 p)
1609 2119 1647 2143 ad
1670 2133 1702 2138 —
1729 2119 1766 2144 ad

275 2161 384 2186 Alahis
405 2161 460 2185 des.
483 2160 504 2186 C
529 2161 554 2184 1.
637 2158 668 2192 q)
692 2166 749 2190 que
771 2160 842 2184 deest
864 2160 888 2184 B
903 2161 930 2184 1.
955 2158 1019 2184 Gl.
1044 2159 1070 2184 2.
1099 2172 1127 2178 ——
1152 2160 1213 2184 iam
1236 2159 1307 2183 deest
1331 2158 1363 2184 C.
1385 2159 1423 2184 D.
1505 2156 1530 2190 r)
1551 2161 1631 2183 esset
1653 2157 1706 2183 Gi
1733 2158 1769 2189 53

277 2202 380 2226 essent
400 2207 474 2225 corr.
499 2201 578 2224 esset
597 2198 621 2223 F
644 2200 670 2224 l.
696 2198 718 2223 G
744 2199 769 2224 2.
854 2197 879 2231 5)
902 2199 974 2223 deese
998 2198 1023 2222 G
1036 2198 1083 2222 3a.
1107 2199 1135 2222 4.
1158 2198 1212 2223 11.
1294 2196 1317 2229 t)
1341 2200 1485 2228 quantum
1508 2197 1531 2221 F
1546 2198 1571 2222 1.
1652 2195 1684 2229 u)
1707 2197 1766 2222 sin-

277 2239 341 2270 guli
363 2246 437 2264 corr.
461 2238 611 2269 singulari
633 2237 659 2262 A
684 2239 708 2263 1.
809 2236 839 2270 v)
863 2238 934 2262 dare
955 2237 981 2262 A
1005 2236 1042 2262 2?
1063 2237 1087 2262 B
1111 2238 1156 2261 la.
1181 2236 1214 2262 G.
1239 2237 1277 2261 D.
1300 2237 1323 2261 F
1346 2236 1373 2261 5.
1396 2236 1411 2260 I
1434 2237 1459 2261 1.
1483 2237 1511 2261 2.
1612 2236 1652 2267 w)
1675 2242 1765 2261 omne

277 2279 300 2302 F
325 2277 362 2302 1⁴?
386 2277 411 2303 G
435 2279 460 2304 1.
484 2277 525 2302 2?
605 2276 636 2309 x)
659 2284 681 2301 5.
705 2279 734 2301 et
756 2277 810 2304 cles,
835 2276 861 2301 G
883 2277 931 2301 3a.
1020 2275 1051 2308 y)
1075 2276 1147 2300 deese
1168 2275 1194 2300 A
1217 2275 1243 2300 3.
1337 2274 1364 2308 z)
1388 2275 1450 2299 suis
1472 2274 1499 2300 A
1522 2275 1548 2300 2.
1639 2273 1668 2306 a)
1688 2278 1721 2300 ut
1743 2275 1765 2299 f.

278 2317 333 2342 des.
359 2316 381 2341 C
405 2318 431 2341 1.
456 2330 490 2335 -
513 2316 535 2341 f.
560 2318 589 2341 et
609 2316 691 2346 quod
714 2315 740 2341 G
763 2317 791 2340 1.
817 2316 841 2342 2.
921 2313 953 2348 b)
977 2317 1101 2340 cunctos
1123 2315 1150 2339 D
1175 2316 1199 2338 1.
1224 2314 1250 2340 G
1273 2315 1299 2339 2.
1323 2314 1370 2339 35.
1394 2312 1433 2339 ⁸5.
1516 2312 1542 2345 c)
1567 2314 1671 2344 angeli
1692 2313 1769 2344 A2;

278 2362 401 2386 arcang.
426 2354 452 2380 G
475 2356 500 2379 1.
562 2353 592 2387 d)
615 2355 687 2379 deest
709 2354 735 2378 A
757 2355 790 2386 33
812 2355 866 2380 ille
890 2353 916 2378 G
939 2355 966 2379 1.
991 2355 1016 2380 2.
1080 2352 1108 2385 6)
1131 2354 1266 2384 imagine
1287 2353 1310 2377 F
1334 2355 1361 2377 1.
1387 2352 1412 2378 G
1435 2353 1450 2378 2
1530 2351 1553 2384 f)
1576 2359 1670 2377 unum
1691 2353 1715 2377 F
1739 2353 1766 2379 1.

283 2465 322 2509 1)
350 2466 538 2499 Notandus
567 2466 621 2499 hic
646 2476 717 2498 mos
752 2469 904 2498 veterum
930 2464 1247 2508 Lmzyobardorzmz
1275 2469 1448 2506 patronos
1480 2464 1592 2507 yemis
1617 2474 1702 2497 suae
1730 2463 1766 2495 in

282 2513 389 2547 comis
406 2514 557 2559 pingere
584 2512 773 2547 solitorum.
812 2513 1002 2555 Praecipui
1025 2512 1165 2545 illorum
1192 2513 1305 2545 cultus
1324 2513 1360 2544 in
1379 2524 1406 2545 ε.
1433 2512 1640 2545 Michaelem
1667 2511 1766 2543 arch-

284 2564 457 2605 anyelum,
486 2568 632 2605 praeter
666 2562 793 2603 templa
826 2562 863 2594 in
898 2562 970 2603 ejus
1005 2561 1169 2594 honorem
1205 2560 1357 2594 eaecitata
1392 2566 1423 2593 et
1461 2560 1626 2593 historica
1654 2560 1768 2601 plura

283 2617 514 2651 monumenta,
543 2617 642 2644 testes
669 2611 785 2642 adhuc
819 2616 900 2642 sunt
941 2610 1074 2642 nummi
1102 2609 1144 2641 ab
1181 2619 1223 2642 ea
1247 2614 1347 2652 yeme
1379 2608 1510 2652 signati
1542 2618 1645 2640 sacra
1669 2607 1766 2640 illius

282 2657 435 2700 imayine
461 2659 599 2692 hastam
625 2664 656 2691 et
681 2662 818 2691 contum
843 2658 1044 2700 deferentis.
1095 2658 1158 2689 BI.
