1852 3141
306 156 372 187 194
517 153 660 185 PAULI
688 150 915 184 HISTORIA
943 148 1386 182 LANGOBARDORUM.
1438 149 1533 182 LIB.
1562 150 1603 181 Y.

306 264 523 319 subposito
555 263 643 316 igni
682 259 933 301 conburunt.
993 258 1076 310 Qui
1115 273 1210 299 euin
1251 274 1326 313 per
1360 259 1544 314 aliquota
1584 260 1672 301 dies
1712 259 1792 300 hoc

305 322 500 370 facerent,
533 332 557 357 a
582 315 831 358 Griniualdo
863 315 922 355 eis
952 313 1197 354 mandatum
1228 320 1302 366 est,
1331 321 1377 355 ut
1406 316 1490 355 iam
1520 317 1570 355 ab
1603 316 1794 357 devasta-

306 377 416 417 tione
450 374 728 429 quiescerent.
789 371 872 422 Qui
911 369 1070 424 legatos
1106 369 1158 409 ad
1190 367 1484 410 Grimualdum
1521 372 1703 424 mittunt,
1735 371 1795 412 di-

307 438 461 481 centes,
493 427 685 469 Foroiuli
715 434 787 467 sec
818 426 990 466 minime
1025 423 1258 475 relicturos,
1299 439 1426 479 quam
1455 428 1581 467 armis
1612 427 1795 483 propriis

307 485 632 541 conquisissent.

418 541 485 581 21.
544 540 664 580 Tune
704 536 925 579 Grimuald
966 535 1215 577 necessitate
1227 537 1243 562 ‘¹
1293 536 1522 592 conpulsus
1565 538 1797 579 exercitum

309 596 609 653 quoadunaree
642 594 793 649 eoepit,
831 598 1037 648 quatenus
1068 590 1229 632 Avares
1260 592 1311 633 de
1342 594 1428 633 suis
1467 593 1621 634 finibus
1659 599 1797 634 extur-

308 654 440 695 baret.
518 651 569 691 In
616 649 755 690 medio
800 650 943 704 itaque
992 661 1142 702 campo
1193 662 1268 688 sua
1312 655 1450 689 castra
1494 649 1556 690 etr
1607 650 1795 689 Avarum

308 708 566 763 hospitiumg
622 719 883 760 conponens,
939 718 1036 743 cum
1094 704 1337 744 exercitush
1381 709 1544 759 partem
1597 705 1796 757 exiguam

310 764 516 815 habereti,
549 761 718 803 eosdem
740 761 854 815 ipsos
876 773 981 814 quos
1011 757 1194 800 habebat
1215 759 1381 800 diverso
1412 758 1558 800 habitu
1588 760 1800 814 variisque

312 821 535 860 instructos
557 817 685 858 armis
706 822 802 856 ante
833 813 975 856 oculos
1006 813 1239 868 legatorum
1262 830 1337 869 per
1358 815 1447 856 dies
1477 814 1649 871 aliquot,
1682 815 1802 870 quasi

311 890 446 916 novus
475 874 630 928 iugiter
661 872 872 913 exercitus
903 870 1161 923 adventaret,
1201 870 1441 925 frequenter
1481 872 1658 911 transire
1688 871 1799 912 fecit.

312 932 501 972 Avarum
535 943 636 969 vero
673 927 802 982 legati
839 926 940 966 dum
985 926 1163 966 eundem
1203 927 1341 981 ipsum
1356 927 1373 953 k
1428 927 1664 968 exercitum
1708 925 1800 966 aliis

314 987 372 1028 et¹
418 986 510 1026 aliis
553 983 689 1024 modis
734 983 995 1037 praeterirem
1043 982 1322 1035 conspiciunt,
1362 983 1595 1023 inmensam
1636 982 1802 1036 Lango-

315 1042 543 1084 bardorum
563 1038 905 1080 multitudinemn
928 1052 1031 1089 esse,
1063 1037 1341 1078 crediderunt.
1389 1037 1554 1089 Quibus
1579 1035 1801 1078 Grimuald

313 1099 372 1139 ita
407 1096 535 1137 dixit:
567 1093 689 1135 ‘Cum
726 1094 839 1134 omni
869 1092 974 1133 hac⁰
1006 1107 1133 1147 quam
1163 1093 1328 1134 vidistis
1370 1094 1580 1134 exercitus
1617 1091 1801 1133 multitu-

316 1153 412 1193 dine
457 1151 595 1192 statim
645 1163 771 1203 super
812 1163 1013 1188 cacanum
1058 1148 1247 1188 inruamp
1291 1156 1331 1190 et
1374 1148 1587 1201 Avaresq,
1633 1149 1714 1189 nisi
1753 1148 1805 1189 de

316 1205 669 1249 Foroiulanorum
689 1204 844 1245 finibus
864 1202 1089 1245 velociterr
1110 1204 1313 1245 exierint'.
1366 1204 1445 1245 His
1465 1204 1566 1245 visis
1589 1211 1629 1245 et
1650 1203 1804 1245 auditis

317 1263 444 1320 legati
474 1262 664 1303 Avarum
702 1274 799 1300 cum
839 1259 943 1300 haec
983 1273 1058 1300 suo
1094 1259 1184 1314 regi
1218 1260 1522 1311 nuntiassents,
1570 1273 1672 1300 mox
1709 1273 1805 1299 cum

320 1320 433 1361 omni
470 1332 545 1359 suo
583 1317 775 1358 exercitu
811 1314 866 1356 ad
906 1315 1124 1410 proprium
1154 1330 1348 1356 reversus
1380 1322 1442 1356 est
1469 1330 1661 1370 regnum.

432 1375 498 1417 22,
556 1372 755 1427 Denique
798 1370 945 1426 Lupot
1017 1384 1066 1410 oe
1106 1369 1231 1411 modo
1262 1378 1308 1412 ut
1351 1371 1647 1426 praemisimus
1683 1370 1806 1412 inter-

322 1435 483 1486 empto,
541 1427 771 1480 A1·nefrit¹1‚
834 1427 923 1467 eius
967 1425 1091 1477 filius,
1135 1425 1269 1466 voluit
1312 1427 1355 1466 in
1398 1425 1489 1467 loco
1534 1426 1665 1481 patris
1705 1432 1809 1481 aput

320 1484 509 1528 Foroiuli
549 1483 738 1539 optinere
780 1482 992 1523 ducatum.
1053 1481 1138 1523 Sed
1167 1487 1358 1523 metuens
1391 1481 1629 1522 Grimualdi
1667 1482 1808 1536 regisv

321 1542 444 1594 vires,
487 1540 612 1595 fugiit
627 1547 652 1566 w
684 1538 738 1579 ad
779 1537 1027 1579 Sclavorum
1072 1544 1242 1592 gentem
1286 1538 1329 1578 in
1370 1537 1646 1590 Carnuntum,
1721 1536 1807 1577 uod

325 1604 522 1651 corrupte
560 1595 748 1636 vocitant
789 1593 1116 1635 Carantanum1.
1183 1593 1269 1644 Qui
1309 1600 1457 1648 postea
1502 1607 1599 1634 cum
1644 1592 1699 1635 Sc
1717 1592 1808 1633 avis

323 1652 565 1703 adveniens,
598 1650 717 1705 quasi
748 1649 976 1690 ducatumx
1007 1663 1153 1690 eorum
1182 1648 1344 1690 viribus
1373 1655 1678 1703 resumpturus,
1708 1653 1812 1703 aput

323 1708 480 1749 Nemas
511 1713 741 1758 eastrum2,
782 1704 894 1760 quod
924 1718 1009 1744 non
1048 1703 1172 1758 longe
1201 1712 1259 1744 aY
1290 1703 1476 1745 Foroiuli
1511 1704 1657 1756 distat,
1698 1704 1811 1744 inru-

327 1763 492 1806 entibus
529 1776 657 1816 super
687 1775 731 1801 se
761 1759 1039 1811 Foroiulanis,
1069 1760 1280 1801 extinctus
1310 1766 1384 1800 est.

437 1819 503 1860 23.
561 1815 729 1858 Deinde
761 1816 976 1856 ordinatus
1006 1820 1068 1855 est
1095 1821 1199 1869 aput
1229 1813 1417 1855 Foroiuli
1445 1814 1534 1855 dux
1555 1814 1812 1868 Wechtari2‚

329 1874 401 1930 qui
429 1873 509 1913 fuit
539 1870 740 1913 oriundus
781 1871 833 1911 de
872 1870 1157 1911 Vincentinaa
1195 1870 1385 1922 civitate,
1421 1871 1487 1911 vir
1524 1870 1733 1925 benignus
1773 1876 1814 1911 et

329 1960 359 1993 a)
382 1960 499 1990 aliquid
530 1959 553 1983 F
577 1961 602 1983 1.
705 1956 736 1990 b)
759 1959 830 1982 deest
863 1958 889 1982 A
911 1957 943 1987 3;
986 1957 1023 1981 ad
1056 1957 1298 1982 devastationem
1330 1957 1356 1982 A
1379 1958 1411 1988 25
1453 1958 1703 1984 devastacionem
1733 1958 1756 1983 F
1782 1960 1809 1983 1.

330 2000 356 2032 c)
380 2006 395 2024 e
416 1999 457 2030 F;
479 1998 634 2024 neminem
656 2004 688 2023 se
710 2005 732 2022 r.
757 2004 831 2028 quos
854 1996 941 2029 (quas
965 1996 986 2022 C
1009 1994 1052 2027 ‘l)
1075 2003 1104 2021 a.
1129 1996 1150 2022 C
1173 1995 1212 2021 ⁸1.
1235 1997 1262 2021 D
1287 1998 1311 2021 1.
1337 1998 1364 2022 2.
1386 1997 1410 2022 4.
1436 1997 1449 2021 Ι
1474 1999 1499 2022 1.
1592 1998 1621 2029 d)
1645 1997 1811 2023 necessita-

329 2043 390 2065 tem
411 2038 437 2063 A
460 2039 485 2062 2.
508 2038 531 2062 F
556 2039 581 2061 1.
683 2035 711 2068 e)
734 2037 773 2060 ica
797 2036 823 2061 A
848 2037 873 2061 1.
899 2036 924 2060 2.
949 2036 971 2059 F
994 2037 1018 2059 1.
1043 2035 1068 2060 G
1093 2036 1185 2065 1—43
1218 2036 1383 2060 coadunari
1407 2036 1428 2061 C
1451 2036 1498 2061 4b.
1523 2036 1550 2060 D
1573 2034 1631 2061 '3a.
1657 2036 1683 2061 G
1706 2036 1752 2062 5a.
1777 2050 1811 2055 —

331 2077 487 2110 praecepit
508 2076 572 2101 A3.
588 2076 668 2101 C.D.
692 2075 744 2100 11.
824 2074 847 2105 f)
870 2075 941 2098 deest
962 2074 1076 2104 D3.8;
1100 2081 1125 2099 e.
1148 2075 1228 2100 inter
1249 2082 1304 2099 sua
1327 2082 1350 2100 c.
1375 2078 1405 2100 et
1420 2074 1501 2100 G5e.
1526 2090 1558 2094 —-
1582 2075 1812 2101 HabarumPl.

332 2115 362 2149 g)
384 2116 517 2140 hostium
549 2115 740 2146 conspiciens
771 2121 784 2138 e
805 2121 879 2138 corr.
912 2114 938 2138 D
963 2115 987 2144 1,
1021 2117 1044 2137 et
1066 2113 1106 2137 ita
1128 2114 1209 2138 ceteri
1239 2114 1278 2139 D.
1301 2114 1328 2138 H
1352 2115 1378 2138 1.
1489 2112 1520 2146 h)
1544 2115 1712 2139 exereitum
1740 2114 1763 2138 F
1786 2116 1812 2140 1.

332 2155 354 2188 i)
376 2155 488 2181 habere
509 2155 532 2179 F
557 2156 582 2180 1.
617 2153 643 2179 G
666 2155 690 2178 1.
716 2154 748 2184 2;
781 2156 810 2178 et
832 2159 962 2177 cacanus
984 2152 1100 2182 legatos
1123 2153 1161 2177 ad
1183 2159 1251 2177 eum
1273 2153 1406 2178 mitteret
1426 2153 1492 2177 add.
1517 2153 1557 2179 ed.
1576 2161 1625 2184 pr.
1646 2153 1731 2178 Lind.
1753 2156 1813 2178 cett.

332 2194 363 2227 k)
386 2201 440 2225 per
461 2194 480 2219 i.
503 2193 529 2218 A
552 2192 592 2218 ⁸3.
684 2191 707 2224 l)
730 2194 759 2216 et
781 2199 805 2216 a.
829 2192 883 2217 des.
908 2191 929 2217 C
954 2193 986 2221 1;
1009 2191 1139 2222 aliisque
1161 2191 1187 2216 A
1210 2191 1236 2217 3.
1328 2190 1369 2224 m)
1391 2192 1536 2223 preterito
1556 2192 1580 2216 F
1604 2194 1629 2217 1.
1655 2207 1689 2211 -
1710 2192 1817 2218 venire

332 2234 356 2258 F
377 2235 402 2259 4.
427 2232 462 2258 G.
524 2231 556 2263 n)
579 2231 774 2256 multitudine
795 2231 818 2255 F
843 2232 867 2256 1.
930 2229 959 2261 0)
982 2230 1053 2254 deest
1076 2230 1098 2255 C
1123 2230 1205 2255 1-3,
1227 2231 1242 2255 Ι
1265 2232 1289 2254 1.
1314 2246 1347 2249 —
1370 2238 1460 2261 quem
1482 2231 1507 2255 A
1522 2232 1547 2255 2.
1569 2231 1592 2255 F
1607 2232 1631 2257 1.
1693 2229 1724 2263 p)
1745 2231 1818 2256 deest

334 2272 356 2298 C
381 2275 406 2303 1,
436 2271 485 2296 ubi
501 2275 567 2302 post
589 2270 705 2295 Avares
727 2270 786 2294 alia
808 2276 895 2294 manu
915 2270 1008 2300 suppl.
1042 2269 1253 2301 iurumpimus.
1355 2269 1384 2302 q)
1407 2269 1541 2294 Avarum
1570 2270 1739 2295 exercitum
1761 2270 1818 2295 dis-

334 2311 458 2342 perdam
481 2310 513 2336 C.
536 2311 572 2335 D.
596 2310 624 2334 H
648 2311 672 2334 1.
695 2310 709 2334 1
734 2311 758 2333 1.
781 2309 807 2334 52.
890 2308 913 2341 r)
935 2309 1006 2332 deest
1029 2307 1055 2332 G
1079 2309 1104 2332 2.
1186 2307 1209 2340 s)
1232 2309 1408 2333 nunciasset
1428 2309 1490 2334 Pl.
1573 2308 1596 2341 t)
1618 2309 1726 2340 Luppo
1749 2309 1817 2340 013

333 2350 461 2381 Lupone
484 2349 510 2374 G
533 2349 617 2373 1-4.
680 2347 711 2379 u)
734 2347 877 2372 Arnefrid
899 2347 920 2373 C
944 2348 971 2372 2,
995 2348 1022 2372 5.
1044 2347 1068 2371 F
1089 2348 1123 2378 43
1145 2346 1308 2372 Arnefried
1330 2347 1352 2373 C
1376 2349 1407 2378 l;
1430 2347 1565 2372 Arnefrit
1585 2355 1659 2373 corr.
1683 2347 1820 2374 Arnifret

336 2388 362 2414 G
384 2389 416 2419 33
439 2388 557 2413 Anefrit
578 2387 604 2412 A
629 2388 661 2418 2;
682 2387 844 2412 Varnefrid
867 2386 893 2412 G
917 2387 942 2412 1.
967 2387 998 2416 23
1020 2386 1187 2411 Warnefrit
1209 2385 1287 2411 G‘5.
1310 2386 1360 2417 5e;
1383 2386 1556 2411 Warnefrid
1580 2386 1670 2417 G5a3
1692 2387 1818 2411 Warne-

335 2428 430 2452 fridus
452 2428 479 2452 D
503 2427 529 2454 2.
552 2428 580 2452 3.
661 2425 692 2459 v)
715 2426 786 2450 deest
808 2425 833 2450 A
857 2427 883 2451 3.
965 2424 1004 2457 w)
1027 2425 1067 2449 ita
1089 2424 1116 2449 A
1140 2427 1164 2449 1.
1189 2426 1213 2450 2.
1237 2425 1263 2449 4.
1287 2426 1314 2450 5.
1336 2426 1360 2450 Β
1385 2426 1401 2450 2
1433 2426 1456 2450 F
1481 2427 1505 2450 1.
1529 2426 1556 2450 4.
1580 2425 1605 2451 G
1629 2425 1714 2451 1—4.
1736 2425 1761 2449 L
1785 2427 1816 2456 13

335 2467 413 2497 fugit
434 2466 466 2492 C.
488 2466 526 2497 D,
547 2466 608 2490 alii.
709 2464 741 2497 x)
764 2465 802 2489 ad
825 2465 850 2490 d.
873 2463 898 2488 A
923 2464 949 2488 2.
1049 2463 1080 2496 y)
1103 2464 1175 2488 deese
1196 2464 1222 2488 A
1245 2464 1272 2489 2.
1374 2463 1401 2495 z)
1425 2464 1466 2489 ita
1486 2464 1512 2488 A
1537 2465 1560 2489 1.
1585 2465 1608 2489 F
1630 2465 1657 2488 4.
1683 2464 1710 2490 G
1732 2464 1758 2489 3.
1781 2464 1817 2496 43

336 2505 490 2530 Wecthari
511 2505 534 2529 F
559 2506 583 2528 1.
605 2503 632 2528 G
655 2505 679 2528 1.
705 2504 739 2534 23
760 2504 894 2528 Wectari
916 2502 942 2526 A
963 2503 990 2528 4.
1015 2502 1041 2527 5.
1066 2503 1087 2528 C
1111 2504 1136 2528 1.
1161 2504 1187 2527 D
1212 2504 1236 2527 l.
1261 2502 1287 2528 G
1308 2501 1348 2529 ⁸5.
1373 2503 1419 2528 5a.
1440 2503 1455 2527 Ι
1477 2504 1617 2535 1,postea
1638 2503 1721 2527 eliam
1741 2502 1767 2527 A
1791 2504 1817 2529 2.
1850 2502 1852 2507 '

336 2545 359 2568 F
373 2546 385 2568 1
412 2544 503 2576 (semel
524 2543 700 2573 Wectaritm
723 2543 869 2567 Weetarit
891 2543 917 2566 D
931 2542 964 2572 33
986 2542 1155 2566 Weetarith
1177 2542 1204 2565 D
1228 2542 1264 2571 43
1286 2542 1408 2567 Vectari
1428 2542 1453 2567 B
1467 2542 1492 2566 2.
1517 2543 1541 2567 Ε
1556 2543 1582 2574 1,
1604 2548 1819 2572 nonnumquam
1850 2550 1852 2566 ·,

339 2583 420 2607 etiam
443 2582 465 2608 C
489 2584 514 2607 1.
537 2583 564 2606 D
589 2583 618 2613 l?
640 2582 769 2606 Wictari
790 2581 816 2606 A
839 2582 864 2606 2.
887 2581 914 2605 3.
938 2580 960 2606 C
984 2581 1008 2606 2.
1029 2580 1058 2605 Η
1082 2582 1106 2612 l⁷
1130 2587 1199 2605 raro
1221 2581 1303 2605 etiam
1325 2580 1350 2605 A
1375 2582 1399 2605 l.
1481 2580 1510 2613 a)
1532 2581 1694 2606 vicentina
1715 2580 1776 2606 A2.
1787 2580 1818 2605 4.
1849 2579 1852 2606 1

337 2622 362 2646 Β
387 2623 412 2647 2.
435 2622 458 2646 F
480 2621 506 2646 4.
531 2621 556 2645 G
579 2621 605 2646 3.
629 2621 657 2644 H
681 2622 711 2651 l?
734 2620 924 2645 Vincentena
947 2619 967 2643 C
991 2617 1034 2649 '13
1056 2619 1218 2645 Vincentia
1240 2619 1265 2644 A
1280 2621 1306 2646 5.
1329 2620 1356 2644 D
1372 2620 1400 2645 2.
1425 2619 1490 2644 G4.
1505 2620 1532 2652 5,
1553 2627 1630 2644 corr.
1653 2619 1818 2644 vicentina

339 2660 363 2684 Ε
388 2661 419 2691 13
443 2660 583 2685 Vicentia
604 2659 627 2683 F
650 2660 676 2684 5.
699 2658 725 2684 G
742 2660 766 2683 1.
791 2660 823 2689 25
845 2659 1036 2685 Vincentana
1058 2658 1072 2682 1
1096 2659 1122 2683 1.

344 2719 380 2762 1)
409 2721 625 2753 Carnuntum
664 2725 759 2754 vetas
788 2721 887 2762 falso
926 2731 1003 2752 cum
1030 2719 1236 2753 Sclavorum
1270 2719 1462 2763 provincia
1501 2719 1710 2753 Carantana
1741 2731 1818 2753 con·

333 2769 495 2812 junctum
520 2780 602 2809 esse,
629 2769 688 2801 vix
715 2774 762 2801 esc
788 2769 880 2811 quod
906 2779 1116 2800 moneamus.
1218 2766 1256 2809 2)
1285 2769 1389 2801 Nunc
1415 2769 1510 2801 vicus
1538 2768 1663 2801 Nimis.
1718 2769 1794 2801 BE.
