1789 3087
369 115 514 148 PAULI
542 114 774 147 HISTORIA
800 112 1245 145 LANGOBARDORUM.
1525 112 1545 142 3

103 228 231 267 Item
262 240 445 267 versus
474 223 627 265 Pauli
658 224 867 266 diaconi
899 222 960 264 de
990 223 1136 263 annis
1168 236 1192 262 a
1222 222 1515 277 principie.

146 304 186 345 A
215 304 423 359 principio
455 302 692 344 seculorum
724 318 857 358 usque
887 302 941 343 ad
972 301 1177 342 diluvium

203 359 399 401 duocenti
431 358 709 414 quadraginta
739 358 821 399 duo
852 358 953 398 bina
981 357 1096 397 milia

203 414 371 456 evoluta
401 420 683 469 supputantur
712 428 917 454 annorum
948 411 1169 454 curricula.

144 482 313 523 Dehinc
345 496 478 537 usque
509 496 592 537 quo
623 480 757 522 fidelis
788 480 1003 521 Abraham
1036 485 1207 521 exortus
1239 485 1301 521 est

200 538 344 579 novies
376 538 541 578 centeni
572 536 655 577 duo
687 535 970 591 quadraginta
999 535 1156 589 pariter

203 593 284 634 sibi
315 593 570 633 successisse
601 593 700 631 anni
732 591 974 631 scribuntur
1004 605 1058 630 ex
1090 590 1246 630 ordine.

147 661 216 701 Ex
245 661 324 700 hoc
355 666 543 713 tempore
574 672 793 713 quousque
824 657 963 711 Moysi
995 659 1039 697 in
1068 657 1238 697 heremo

200 720 521 771 praeceptorum
552 714 740 754 instituta
769 712 941 754 tradidit
970 712 1212 753 Altissimus

199 785 330 810 annos
362 770 547 824 quinque
579 776 619 809 et
650 769 902 823 quingentos
932 769 1181 822 praeterisse
1212 768 1425 809 terminos„

145 838 270 892 Legis
301 836 423 877 datae
452 851 476 875 a
507 835 656 876 dicbus
687 842 727 876 et
757 836 1019 890 conscriptae
1045 834 1223 876 'caelitus

199 906 332 947 usque
364 906 445 946 quo
476 890 680 946 templum
711 891 868 931 dicavit
896 906 972 932 rex
1006 891 1340 945 sapientissimus

201 947 495 1003 quadringenti
527 948 740 1001 octoginta
771 946 891 988 orbes
923 945 1079 987 evoluti
1111 952 1218 986 sunt.

141 1015 357 1057 Percurrit
386 1014 484 1054 hinc
513 1012 677 1054 annalis
709 1013 809 1054 ordo
842 1028 918 1054 sua
948 1015 1092 1067 spacia

199 1070 491 1125 quingentenis
523 1077 563 1110 et
592 1068 772 1109 bissenis
803 1069 935 1121 annis,
967 1068 1231 1123 Babylonica

198 1127 334 1167 donec
363 1124 566 1180 populum
597 1124 779 1166 vastabit
809 1123 939 1166 Israel
971 1124 1208 1179 captivitas.

142 1192 310 1234 Exhinc
342 1207 473 1247 usque
506 1207 588 1248 quo
621 1191 798 1233 salutem
829 1192 961 1247 Virgo
993 1192 1141 1232 mundi
1172 1194 1347 1246 peperit,

197 1263 322 1304 quem
351 1248 582 1303 prophetae
614 1247 915 1302 praedixerunt
944 1253 1167 1288 venturum
1198 1247 1462 1300 Emmanuel,

198 1303 443 1344 octodeceni
474 1309 515 1344 et
545 1303 762 1358 quingenti
792 1305 953 1357 peracti
985 1310 1084 1344 sunt
1114 1302 1273 1344 circuli.

140 1372 235 1412 Rex
265 1377 433 1410 eternus
464 1369 668 1410 mundum
700 1370 815 1410 venit
844 1377 1077 1410 restaurare
1108 1369 1318 1424 perditum

199 1427 383 1481 quinque
414 1424 529 1465 milia
559 1425 736 1479 expletis
768 1426 888 1465 annis
918 1440 942 1465 a
972 1425 1182 1480 principio

198 1488 365 1522 centum
397 1488 522 1536 atque
554 1480 783 1535 nonaginta
814 1494 964 1520 novem
996 1481 1118 1521 hinca
1148 1496 1223 1535 per
1255 1480 1476 1521 calculum.

127 1548 339 1590 *Glorioso
370 1547 423 1588 ab
455 1547 638 1589 adventu
669 1547 963 1602 Redemptoris
994 1548 1182 1588 omnium
1559 1555 1605 1589 ”p-
1624 1559 1666 1583 14,

195 1603 249 1644 ad
280 1603 392 1643 hunc
423 1617 556 1657 usque
585 1603 722 1657 prima
752 1617 908 1642 annum
939 1603 983 1642 in
1013 1618 1096 1658 quo
1129 1610 1191 1645 est
1220 1603 1392 1644 indictio

195 1659 449 1713 septingenti
479 1658 698 1712 sexaginta
728 1664 896 1713 tresque
928 1658 1051 1698 simul
1081 1659 1179 1698 anni
1211 1665 1319 1700 sunt.

137 1724 235 1767 Alta
263 1739 369 1780 pace
399 1740 511 1766 nunc
541 1724 703 1766 exultat
731 1726 877 1780 regiob
908 1725 1098 1766 Ausonia

194 1780 419 1821 Desiderio
451 1781 660 1836 simulque
690 1781 891 1822 Adclchis
922 1780 1197 1836 regnantibus

194 1836 499 1878 florentissimis
531 1843 571 1877 et
601 1837 694 1891 piis,
726 1852 823 1877 cum
853 1836 957 1878 haec
988 1842 1187 1877 annotata
1217 1843 1324 1877 sunt.

136 1904 428 1959 Principatum
459 1904 693 1945 Beneventi
724 1904 898 1946 ductore
928 1904 1156 1945 fortissimo

193 1959 370 2000 Arechis
401 1966 616 2014 regnante,
647 1959 752 2000 freto
786 1960 968 2015 Superni
999 1958 1170 2011 auxilio,

192 2014 437 2069 Adelpcrga
468 2029 563 2055 011111
595 2015 819 2071 tranquilla
848 2016 977 2070 stirpe
1008 2020 1129 2055 nataC
1160 2015 1287 2069 regia.

136 2081 275 2123 Iudex
304 2083 446 2123 veniet
476 2097 682 2138 supernus
712 2081 826 2124 velut
856 2082 995 2137 fulgor
1027 2081 1219 2135 caelitus3

194 2137 284 2178 dies
315 2145 377 2179 set
407 2144 477 2178 aut
506 2137 610 2178 hora
640 2138 822 2193 quando,
853 2152 937 2178 non
967 2144 1083 2192 patet
1112 2135 1372 2178 mortalibus.

190 2191 291 2233 felix
322 2193 411 2245 erit,
444 2207 569 2248 quem
598 2198 791 2249 paratum
822 2193 1054 2235 inveneritd
1086 2193 1308 2233 Dominus.

136 2257 248 2300 Ante
277 2265 408 2312 tuum,
438 2260 547 2301 iuste
577 2260 719 2313 iudex,
751 2260 851 2302 duni
883 2261 1043 2303 steterit
1072 2260 1223 2301 solium

193 2314 372 2354 Arechis
402 2313 611 2369 benignus
643 2316 793 2357 ductor
823 2331 919 2357 cum
951 2315 1168 2371 praeclara
1198 2316 1391 2369 coniuge,

194 2369 304 2409 dona
334 2369 393 2409 cis
426 2383 520 2409 cum
551 2369 694 2411 electis
724 2370 869 2412 laetari
900 2371 1159 2426 perenniter!

166 2512 332 2552 Eadem
362 2511 610 2567 Αάέἶμρνφι
640 2518 831 2553 monente
863 2512 1029 2552 Paulus
1059 2513 1277 2567 gymndc‘us
1309 2527 1417 2566 opus
1447 2527 1537 2554 sus-

56 2568 187 2621 cepit,
221 2568 440 2609 histom'am
476 2568 772 2609 Romulum-mn
812 2567 863 2607 ab
895 2568 1107 2621 Eutropio
1140 2568 1347 2621 scriptam
1380 2583 1538 2624 (moyen-

56 2696 84 2730 a)
108 2699 178 2723 deest
204 2699 228 2725 1.
312 2697 342 2731 b)
366 2698 401 2725 A.
426 2706 449 2724 r.
475 2701 499 2724 l.
604 2697 630 2730 v)
655 2699 835 2730 stirpcntata
858 2699 942 2729 regio
968 2700 992 2723 1.
1096 2698 1126 2731 d)
1151 2699 1311 2732 invenerit,
1333 2698 1450 2726 steterit
1469 2706 1536 2730 pro-

53 2737 245 2762 ntmtiamlwn
269 2739 330 2764 crit,

1185 2794 1227 2827 1,
