1852 3141
317 122 462 154 PAULI
489 121 719 153 HISTORIA
746 120 1188 153 LANGOBARDORUM.
1243 120 1335 152 LIB.
1364 120 1425 152 VI.
1563 119 1631 150 219

157 233 311 275 Christi
342 239 412 274 sea
443 232 611 273 servitio
643 231 848 283 subdens,
890 231 1093 272 mirabilis
1132 232 1175 271 in
1206 231 1452 286 episcopatu
1482 229 1633 281 extitit,

153 290 230 330 ach
275 289 442 330 demum
481 287 769 328 heremiticam
807 289 937 328 vitam
976 286 1154 342 eligens,
1192 285 1368 341 leprosis
1408 286 1632 326 universac

153 344 385 400 praebensd
422 343 639 398 obsequia,
676 343 1030 383 continentissime
1071 343 1191 383 vixit.
1249 342 1316 382 De
1356 342 1474 382 cuius
1510 341 1633 380 mira-

154 399 308 441 bilibus
347 405 451 455 aput
490 399 719 440 Metensem
760 398 998 448 ecclesiam,
1042 399 1116 440 ubi
1147 398 1438 452 episcopatum
1490 397 1631 452 gessit,

152 455 259 496 liber
298 456 478 505 existite,
518 454 705 496 eiusdem
742 453 946 494 miracula
983 460 1022 494 et
1057 455 1166 494 vitae
1203 453 1498 493 abstinentiam
1539 466 1633 492 con-

152 511 324 552 tinensf.
394 510 478 551 Sed
517 517 557 550 et
594 524 671 564 ego
709 511 752 550 in
791 509 896 551 libro
938 524 1060 564 quem
1103 508 1154 549 de
1195 509 1403 563 episcopis
1445 508 1632 549 eiusdem

153 567 332 608 civitatis
364 566 593 620 conscripsi
622 565 834 619 flagitante
864 564 1188 620 Angclramnoss,
1220 565 1310 605 viro
1342 564 1562 604 mitissimo
1594 569 1634 604 et

153 623 371 663 sanctitate
412 622 651 676 praecipuo,
692 621 930 676 praefataeh
968 619 1167 661 ecclesiae
1208 619 1539 675 archiepiscopo,
1581 619 1632 659 de

154 677 234 719 hoc
263 677 543 718 sacratissimo
582 677 673 716 viro
704 676 881 717 Arnulfo
914 675 1121 731 quaedam
1168 676 1256 716 eius
1294 675 1502 715 mirandai
1534 689 1631 716 con-

151 735 354 789 posuik-1,
386 747 493 787 quae
523 732 646 773 modo
679 731 938 786 superfluum
968 732 1071 771 duxi
1101 731 1317 786 replicare.

268 791 328 830 17.
387 789 501 830 Inter
538 788 643 829 haec
683 787 943 842 Cunincpert
980 787 1143 827 cunctis
1179 785 1478 827 amabillimusl
1516 786 1632 841 prin-

152 859 265 899 ceps,
296 851 519 899 postquam
541 843 763 884 duodecim
784 857 914 883 annos
935 842 1311 896 Langobardorum
1339 856 1515 896 regnum
1536 848 1631 897 post

151 906 315 955 patrem
351 899 462 940 solus
498 899 700 951 obtenuit,
745 899 914 939 tandem
949 898 1001 938 ab
1038 898 1115 938 hac
1150 897 1242 938 luce
1280 897 1518 937 subtractus
1556 904 1630 938 est.

153 955 265 996 Hicm
292 956 336 995 in
367 969 515 1010 campo
538 954 758 1007 Coronate,
790 955 863 995 ubi
892 953 1049 995 bellum
1080 961 1226 994 contra
1247 951 1392 993 Alabis
1416 953 1557 1007 gessit,
1588 953 1632 993 in

150 1011 335 1052 honoren
385 1010 497 1051 beati
538 1011 735 1065 Georgiio
784 1010 978 1064 martyris
1028 1009 1329 1049 monasterium
1385 1008 1632 1049 construxit.

150 1067 250 1108 Fuit
278 1073 418 1108 autem
447 1067 512 1107 vir
541 1065 708 1121 elegans
740 1072 780 1107 et
817 1066 929 1106 omni
966 1065 1152 1105 bonitate
1191 1065 1446 1118 conspicuus
1476 1064 1633 1105 audax-

151 1138 232 1178 que
263 1122 450 1164 bellator.
509 1122 592 1162 Hic
614 1137 708 1162 cum
729 1121 870 1162 multis
892 1120 1269 1175 Langobardorum
1300 1120 1484 1160 lacrimis
1514 1120 1633 1160 iuxta

150 1177 398 1219 basilicamp
440 1178 598 1218 domini
631 1177 869 1230 Salvatoris,
902 1191 1028 1232 quam
1066 1175 1278 1231 quondam
1313 1190 1416 1215 avus
1445 1175 1632 1216 eiusdem

150 1234 322 1289 Aripert
351 1240 642 1274 construxerat
654 1241 680 1284 2,
711 1232 898 1288 sepultus
929 1238 1002 1273 est.
1078 1235 1336 1286 tegnumque
1367 1230 1634 1285 *Langobar-

151 1290 328 1330 dorumq
358 1289 601 1343 Liutpertor
630 1289 714 1329 filio
745 1288 882 1329 adhuc
920 1286 1118 1342 puerilisS
1157 1288 1305 1327 aetatis
1341 1286 1520 1342 reliquit,
1563 1287 1631 1327 cui

150 1348 352 1386 tutoremt
382 1343 694 1399 Ansprandum,
736 1345 873 1384 virum
904 1344 1135 1398 sapientem
1166 1350 1232 1383 etu
1264 1342 1493 1395 inlustrem,
1535 1357 1630 1383 con-

153 1400 310 1441 tribuit.

265 1456 327 1497 18.
386 1455 553 1496 Dehinc
590 1454 741 1510 elapsis
781 1460 873 1495 octo
911 1453 1143 1506 mensibus,
1193 1454 1504 1509 Baginpertusv
1542 1453 1630 1494 dux

152 1578 181 1611 a)
204 1577 237 1604 se'
259 1579 381 1604 servitio
405 1585 436 1603 se
460 1578 484 1603 G
499 1580 523 1604 1.
547 1580 573 1604 2.
634 1578 664 1602 bi
688 1585 748 1609 qua
768 1579 838 1608 1313
861 1578 902 1602 (ἀ
925 1577 961 1610 (?)
986 1578 1011 1603 d.
1035 1585 1110 1603 corr.
1132 1577 1168 1601 ad
1191 1580 1355 1602 extremum
1380 1578 1402 1601 F
1428 1579 1452 1602 l.
1516 1576 1541 1609 c)
1565 1577 1629 1601 uni-

151 1625 269 1643 versam
292 1618 318 1642 G
340 1618 364 1642 3.
387 1618 413 1641 4.
495 1618 524 1650 d)
546 1618 698 1649 praebens
726 1632 754 1635 —
781 1618 886 1641 mirabi
910 1618 964 1641 des.
988 1617 1013 1641 A
1036 1615 1075 1642 3
1171 1615 1198 1647 e)
1224 1616 1365 1648 e.‹(s)titit
1386 1616 1411 1640 A
1435 1616 1461 1640 3.
1485 1616 1512 1641 4.
1538 1616 1569 1641 C.
1592 1617 1630 1641 D.

151 1657 175 1681 E
200 1659 225 1682 1.
258 1657 280 1681 F
302 1658 329 1681 4.
364 1656 390 1681 G
413 1656 458 1682 5³..
490 1657 527 1682 H.
628 1656 649 1688 f)
674 1664 697 1682 c..
723 1656 751 1681 S.
775 1659 803 1681 et
833 1657 888 1681 (les.
924 1656 998 1687 (¹13,
1032 1656 1080 1687 qui
1110 1656 1181 1679 hunc
1213 1656 1302 1679 Iocum
1332 1656 1418 1686 plane
1451 1655 1628 1686 deformavit.

149 1694 179 1728 g)
202 1695 388 1726 Agelramno
410 1695 434 1719 A
459 1696 492 1726 ὃς
524 1696 719 1726 Agelrammo
744 1696 768 1717 G
790 1697 823 1725 43
858 1695 1034 1725 Agelranno
1059 1696 1084 1719 D
1109 1696 1142 1725 3;
1176 1695 1375 1725 Engilramno
1400 1694 1424 1719 G
1447 1695 1496 1725 ὗες
1529 1694 1629 1724 Ange-

149 1736 243 1760 tando
266 1735 288 1759 F
311 1735 344 1765 43
376 1734 571 1765 Anguramno
595 1735 617 1760 C
641 1736 666 1759 1.
691 1735 717 1760 2.
817 1734 847 1766 h)
870 1735 940 1758 deest
964 1735 988 1759 A
1010 1733 1057 1764 ’ὃς
1090 1742 1117 1765 p.
1143 1741 1167 1758 e.
1192 1741 1218 1759 a.
1242 1735 1296 1758 des,
1330 1733 1355 1758 A
1379 1736 1403 1758 1.
1430 1748 1461 1751 -
1486 1734 1632 1764 archiepi-

149 1782 257 1806 scopus
281 1774 307 1798 G
331 1775 354 1798 1.
379 1775 413 1804 2;
436 1775 579 1805 episcopo
604 1774 630 1798 G
652 1774 689 1797 ᾖα
712 1781 738 1797 c.
830 1773 850 1805 i)
875 1774 1042 1798 mirandam
1064 1774 1086 1797 F
1113 1775 1143 1804 13
1166 1773 1315 1797 miracula
1337 1773 1360 1797 B
1385 1774 1409 1797 2.
1434 1772 1459 1797 G
1483 1773 1510 1797 3.
1534 1773 1560 1796 4.
1585 1773 1629 1797 50.

153 1812 185 1846 k)
209 1813 368 1844 conposuit
408 1813 430 1837 F
455 1814 478 1837 1.
587 1812 608 1844 l)
632 1813 670 1836 ita
705 1812 731 1836 A
754 1814 779 1837 2.
804 1811 843 1837 ’3Δ
868 1813 893 1837 3.
915 1813 942 1837 4.
984 1814 1007 1837 B
1033 1814 1057 1837 l.
1082 1813 1107 1837 2.
1150 1813 1171 1836 F
1196 1814 1220 1836 1.
1265 1813 1288 1835 G
1312 1813 1344 1842 13
1394 1812 1630 1837 amabilissimus

148 1852 176 1877 A
198 1850 237 1877 '2.
261 1853 306 1878 211.
329 1852 353 1876 B
377 1853 422 1878 la.
443 1853 466 1876 F
488 1852 515 1878 4.
538 1852 564 1880 5.
589 1852 614 1875 G
637 1853 662 1876 2.
687 1852 712 1876 3.
736 1852 762 1875 4.
787 1851 833 1876 53..
851 1859 878 1882 (²3
911 1852 1049 1876 amabilis
1071 1851 1097 1875 A
1120 1851 1158 1876 1?
1181 1851 1213 1876 C.
1236 1852 1272 1875 D.
1296 1852 1309 1875 I
1334 1853 1358 1875 1.
1451 1850 1491 1881 m)
1515 1851 1571 1875 Hic
1596 1865 1629 1869 —

150 1892 318 1917 construxit
340 1898 393 1915 om.
418 1891 443 1915 A
466 1889 504 1916 ²4.
566 1890 597 1923 n)
621 1891 766 1915 honorem
789 1890 814 1914 A
829 1890 867 1915 1¹?
890 1891 915 1916 3.
941 1891 971 1916 C.
995 1891 1032 1916 D.
1095 1890 1122 1921 ο)
1149 1890 1272 1916 Geordii
1297 1890 1322 1914 G
1335 1890 1365 1920 33
1390 1890 1532 1920 Gregorii
1555 1889 1629 1914 A3‘?

148 1930 179 1962 p)
204 1931 332 1955 basilica
361 1930 383 1954 F
408 1932 432 1956 1.
456 1930 481 1955 G
503 1930 542 1954 2?
642 1929 672 1961 q)
695 1931 744 1954 hoc
765 1931 823 1953 Ioco
845 1930 944 1954 desinit
976 1930 999 1954 B
1025 1931 1049 1955 1.
1153 1928 1177 1962 r)
1200 1930 1339 1960 Liutpert
1363 1929 1387 1953 G
1410 1930 1443 1959 33
1476 1929 1632 1960 Liutepert

151 1970 177 1995 G
196 1970 231 2001 43
252 1970 408 2000 Luitperto
431 1969 452 1995 C
477 1971 509 2001 1;
540 1969 706 1994 Liudberto
736 1969 762 1993 (fr
784 1969 818 2000 23
848 1969 1015 2000 Luuiperto
1046 1968 1071 1993 A
1095 1969 1120 1994 3.
1223 1968 1247 1999 s)
1271 1968 1404 1999 puerulis
1436 1968 1461 1992 A
1486 1969 1510 1992 2.
1549 1968 1573 1993 G
1596 1968 1630 1998 3?

150 2010 277 2041 puerulo
300 2010 398 2033 aetate
420 2009 446 2033 D
469 2009 494 2034 2.
576 2007 597 2040 t)
621 2011 718 2033 tutore
740 2008 763 2032 F
788 2010 812 2032 1.
902 2008 932 2040 u)
955 2009 1026 2032 dces!
1050 2009 1075 2032 G
1098 2008 1124 2033 3,
1148 2009 1174 2032 4.
1266 2006 1296 2039 v)
1319 2008 1531 2038 Ragimpertus
1554 2006 1579 2031 A
1603 2007 1629 2032 2.

152 2049 176 2072 F
200 2049 225 2073 1.
251 2047 275 2073 G
299 2049 331 2078 1;
353 2047 565 2077 Ragimbertus
589 2048 614 2071 G
638 2048 666 2078 23
689 2047 818 2078 Raginb.
842 2048 869 2072 D
892 2048 917 2072 2.
943 2048 976 2077 3;
999 2047 1106 2078 Rainp.
1131 2046 1238 2072 Gss.4.

154 2150 190 2194 1)
218 2151 284 2184 SS.
311 2151 363 2191 II,
390 2163 429 2193 p.
453 2151 534 2183 264.
634 2150 670 2193 2)
699 2151 743 2183 In
782 2151 864 2183 urbe
904 2151 999 2193 reyia
1032 2150 1216 2191 Ticiuensi,
1254 2149 1312 2181 uhi
1351 2150 1476 2194 legitur
1515 2150 1630 2182 adhuc

153 2199 191 2232 in
217 2200 335 2232 eadem
362 2199 507 2231 basilica
534 2199 630 2240 apud
657 2198 876 2232 cassinenses
914 2200 1098 2232 monachos
1116 2200 1360 2241 fra-qmenmm
1386 2198 1560 2242 epitaphii
1583 2199 1631 2230 ad

152 2248 247 2281 illius
291 2249 459 2280 tumulum
498 2246 671 2289 appositi,
719 2248 811 2289 quod
848 2248 953 2289 refert
993 2247 1170 2279 ΑΜιιναίονί
1208 2248 1244 2278 in
1284 2247 1341 2279 lih.
1381 2246 1631 2289 antiquitatum

153 2297 352 2330 Eslensium
379 2308 455 2337 cap.
484 2295 515 2336 J,
544 2296 598 2335 10,
624 2307 660 2337 p.
690 2296 752 2327 73.-

395 2358 510 2389 Aureo
537 2366 579 2387 ex
606 2356 698 2388 fonte
727 2357 911 2398 quiescunt
937 2357 971 2387 in
999 2356 1118 2388 ordine
1146 2366 1260 2397 reges,

396 2406 502 2444 Avus,
529 2408 639 2446 pater,
667 2404 723 2436 hie
751 2405 842 2437 filius
870 2404 1078 2436 lieiulandus
1105 2408 1244 2436 tenetur

398 2454 625 2495 Cuningpem
653 2453 916 2485 florentissimus
944 2463 985 2484 ac
1012 2454 1271 2485 robustissimus
1298 2463 1369 2492 rex,

398 2504 508 2542 Quem
537 2501 712 2533 dominum
742 2501 858 2542 Italia,
884 2506 1016 2544 patrem
1046 2506 1150 2542 atque
1178 2505 1364 2543 pastorem,

398 2550 486 2582 Inde
514 2550 630 2582 flebile
658 2552 815 2582 maritum
844 2552 913 2582 iam
940 2549 1088 2582 viduata
1115 2554 1244 2591 gemet.

394 2599 475 2631 Alia
502 2598 544 2630 de
571 2602 670 2641 parte
697 2600 726 2631 si
754 2600 923 2641 originem
951 2609 1112 2640 quaeras,

398 2648 473 2679 Rex
498 2647 563 2678 fuit
588 2658 684 2687 avua
712 2653 821 2680 mater
847 2647 1087 2690 gubernacula
1113 2647 1225 2678 tenuit
1250 2647 1363 2687 regni.

398 2695 578 2728 Mirandus
606 2700 679 2728 erat
704 2697 824 2736 forma,
852 2697 946 2739 pius;
974 2707 1082 2735 mens,
1110 2696 1139 2727 si
1166 2696 1333 2737 requiras,

401 2743 564 2776 Miranda
593 2767 1225 2778 ..................
1254 2743 1315 2775 BI.

1647 856 1712 882 700.

1647 1242 1697 1275 Ἰ).
1721 1243 1786 1269 171.
