1852 3141
254 108 321 138 234
456 105 597 137 PAI'LI
628 104 854 137 HISTORIA
884 104 1326 137 LANGOBARDORUM.
1380 105 1473 137 LIB.
1504 107 1558 137 Vl.

255 216 572 273 pestilentiaque
595 216 790 269 perirent,
816 228 865 254 ae
887 215 970 253 siea
993 215 1174 268 pertaesi
1196 215 1425 256 obsidionis
1447 215 1737 257 abscederent.

256 274 338 325 Qui
371 271 465 312 inde
488 271 657 325 egressi,
686 269 918 324 Vulgarum
931 269 946 295 ¹³
977 277 1158 323 gentem,
1191 279 1316 325 quaec
1348 279 1409 312 est
1440 286 1566 326 super
1587 271 1734 311 Danu-

255 328 391 379 bium,
429 325 537 367 bello
568 325 890 379 adgrediuntur,
930 332 970 365 et
1000 325 1053 366 ab
1084 324 1161 365 hac
1196 340 1361 381 quoque
1398 328 1510 379 victi,
1544 327 1595 368 ad
1639 341 1736 367 suas

255 398 381 424 naves
412 382 636 435 refugiunt.
696 379 873 432 Quibus,
907 395 1000 420 cuin
1031 379 1189 421 altumd
1220 388 1420 434 peterent,
1452 383 1640 423 inruente
1672 398 1736 423 su-

254 440 340 481 bita
371 443 631 492 tempestate,
662 436 860 491 plurimic
892 436 1016 476 etiam
1049 436 1198 476 mersis
1228 437 1315 477 sive
1346 438 1531 478 contritis
1562 437 1738 478 navibus

256 496 479 549 perierunt.
548 492 718 549 [Iun-as}
762 491 1192 546 (fionstantinopolim¹
1230 493 1358 532 vero¹¹
1400 500 1585 533 trecenta
1623 492 1737 533 milia

257 551 471 591 hominum
504 547 739 601 pestilentia
772 548 1029 588 interierunt.

366 606 431 645 48.
491 603 754 658 Liutprand²
779 603 964 658 quoquei
987 602 1174 655 audiens,
1216 603 1329 657 quod
1351 603 1586 655 Sarrae-eni,
1613 603 1738 658 depo-

257 661 398 717 pulata
431 659 637 711 Sardinia,
674 660 798 699 etiam
832 659 921 699 loca
952 657 1032 710 illa,
1073 657 1145 698 ubi
1187 673 1281 698 ossa
1313 660 1442 699 saneti
1480 660 1547 699 Au
1582 659 1738 698 ustinik

257 717 445 772 episcopi
476 722 649 770 propter
687 715 965 756 vastationem
1002 713 1279 754 barbarorum
1312 714 1408 754 olim
1450 674 1668 754 tranzffiatw
1701 722 1741 754 et

256 772 481 812 honorifice
521 771 686 811 fuerant
723 769 902 822 condita,
939 769 1168 820 foedarent,
1209 771 1334 819 misit,
1374 778 1414 811 et
1452 770 1549 810 dato
1589 783 1741 823 magno

257 828 404 883 pretio,
444 827 607 881 aceepit
625 833 665 867 et
692 825 901 866 transtulit
931 833 1017 865 ca¹¹¹
1050 826 1091 864 in
1121 824 1267 865 urbem
1301 826 1565 866 Tit-inensem
1596 825 1740 879 ibique

258 898 353 924 eum
381 882 522 923 debito
551 888 692 922 tanton
723 882 833 936 patri
861 880 1017 921 honore
1040 881 1286 921 recondidit.
1333 881 1438 921 His-‘¹
1461 881 1608 922 diebus
1639 881 1742 920 Nar-

258 940 390 979 niatu-³
423 939 568 978 civitas
600 952 623 977 a
654 935 945 991 Langobardis
976 950 1153 991 pewasa
1183 944 1256 977 est.

368 995 433 1034 49.
493 994 669 1048 quueq
701 1000 889 1047 tempore
920 999 1023 1033 rex³
1056 992 1340 1046 Liutprandus
1372 992 1640 1032 Ravennamr
1673 991 1743 1033 ob-

260 1049 379 1101 sedit,
411 1048 599 1089 Classen]
630 1049 784 1088 invasit
818 1055 943 1102 atque
984 1047 1202 1088 destruxit.
1263 1048 1381 1088 Tunc
1423 1047 1578 1088 Paulus
1616 1049 1743 1102 patri-

261 1106 350 1146 cius
392 1120 445 1145 ex
483 1105 710 1144 RavennaS
756 1103 869 1143 misit
912 1104 983 1157 qui
1027 1103 1266 1156 pontificem
1314 1104 1630 1155 intereinerent;
1672 1103 1743 1143 sed

259 1159 551 1214 Langobardis
590 1173 666 1212 pro
707 1158 968 1199 defensionet
1017 1159 1226 1212 pontificis
1263 1159 1607 1213 repugnantibus,
1641 1158 1745 1213 Spo-

259 1215 423 1256 Ietinisu
461 1216 503 1255 in
536 1214 697 1256 Salario
735 1220 891 1269 pontev
929 1220 969 1253 et
1009 1227 1062 1252 ex
1099 1212 1189 1253 aliis
1227 1214 1417 1268 partibus
1455 1212 1746 1268 Langobardis

260 1272 408 1311 Tuscis
468 1269 780 1321 resistentibus,
840 1267 1058 1309 eonsilium
1108 1269 1445 1309 Ravennantium
1494 1270 1744 1324 dissipatum

260 1334 333 1368 est.
392 1326 516 1366 Hacw
547 1332 796 1380 tempestate
826 1325 914 1366 Leo
945 1325 1175 1378 imperator
1204 1330 1308 1378 aput
1339 1323 1744 1378 Constantinopolim

260 1390 498 1422 sanctoruni
533 1382 740 1436 imagines
773 1380 986 1435 depositas
1016 1380 1202 1421 incendit
1232 1381 1505 1435 Romanoque
1526 1380 1745 1435 pontificix

259 1437 410 1478 similia
440 1437 590 1489 facere,
622 1438 657 1477 si
686 1435 948 1491 imperialem
979 1436 1155 1490 gratiani
1179 1435 1333 1477 habere
1353 1435 1489 1488 vellet,
1519 1436 1745 1476 mandavit.

259 1493 343 1535 Sed
373 1493 564 1548 pontifex
593 1492 671 1533 hoe
710 1492 846 1533 faeere
877 1492 1139 1546 contempsit.
1200 1491 1348 1533 Omnis
1389 1506 1556 1546 quoque
1586 1492 1747 1531 Raven-

257 1564 335 1590 nae
376 1549 584 1590 exercitus
605 1547 672 1589 vel
702 1548 975 1588 Venetiarum
1005 1547 1159 1588 talibus
1187 1548 1310 1587 iussis
1324 1555 1343 1581 ἴ
1365 1562 1447 1587 uno
1469 1548 1608 1587 animo
1629 1547 1746 1588 resti-

259 1611 408 1656 terunt,
442 1610 482 1645 et
510 1605 590 1644 nisi
618 1618 688 1644 eos
728 1603 919 1658 pontifex
956 1603 1252 1657 prohibuisset,
1282 1603 1578 1657 imperatorem
1619 1617 1747 1657 super

260 1675 302 1701 se
334 1661 611 1701 constituerez
635 1666 729 1700 sunt
759 1659 958 1713 adgressi.
1017 1659 1138 1699 Rex²¹
1156 1673 1322 1714 quoque
1343 1657 1579 1713 Liutprand
1610 1664 1747 1698 eastra

260 1715 451 1767 Emiliae,
481 1715 792 1756 Feronianunil'
824 1721 863 1755 et
885 1713 1245 1755 Montembellium
1260 1722 1286 1767 0,
1318 1715 1482 1755 Buxeta
1514 1714 1582 1754 etd
1611 1714 1747 1754 Persi-

262 1822 289 1854 a)
311 1824 335 1848 si
358 1824 382 1848 A
408 1824 431 1848 2.
453 1824 477 1848 Ε
502 1824 527 1848 l.
550 1823 572 1847 F
596 1823 622 1848 4.
659 1822 682 1846 G
707 1823 741 1853 33
776 1823 820 1846 sia
853 1822 878 1846 A
902 1820 948 1853 ’2;
981 1823 1005 1847 si
1029 1826 1131 1853 aperte
1155 1829 1207 1847 sue
1230 1829 1255 1846 o.
1288 1823 1312 1846 B
1337 1824 1369 1853 :23
1403 1823 1502 1854 sicpte
1524 1828 1550 1845 0.
1584 1821 1604 1846 C
1630 1823 1658 1851 l?
1690 1828 1746 1853 per

260 1865 378 1893 tempus
401 1863 414 1886 I
439 1863 464 1886 1.
525 1860 555 1893 b)
577 1861 779 1891 Vulgarorum
803 1861 828 1885 G
852 1862 875 1884 1.
901 1862 931 1891 ·2;
965 1862 1173 1891 Yulganorum
1199 1860 1224 1885 G
1246 1859 1292 1891 ’ὃς
1324 1861 1491 1886 Vuinorum
1516 1860 1580 1885 (¹14.
1643 1860 1669 1892 c)
1693 1861 1744 1891 qui

261 1902 284 1925 F
310 1904 331 1924 1.
358 1901 383 1926 G
409 1901 491 1924 1—4.
572 1900 600 1931 d)
625 1900 686 1924 alto
710 1901 731 1923 F
757 1901 782 1924 1.
875 1898 903 1931 e)
926 1900 1064 1930 plurimis
1087 1901 1109 1924 F
1133 1901 1159 1924 4.
1185 1899 1218 1925 G.
1242 1900 1268 1924 H
1293 1902 1317 1924 1.
1341 1900 1354 1924 I
1379 1901 1403 1924 2.
1496 1898 1518 1931 f)
1543 1900 1581 1923 ita
1604 1898 1629 1923 A
1654 1900 1678 1923 2.
1704 1899 1742 1923 ’2.

262 1941 285 1964 Β
310 1940 335 1964 2.
368 1940 395 1963 D
421 1940 444 1971 2,
478 1939 552 1969 quod
579 1939 704 1971 proxime
726 1939 763 1962 ad
786 1938 889 1962 Beatam
911 1939 1022 1965 accedit,
1046 1939 1096 1969 qui
1116 1939 1213 1962 habet:
1238 1939 1328 1962 morsi
1350 1939 1414 1963 sive
1438 1938 1600 1962 confractis
1624 1945 1652 1963 n.
1675 1942 1744 1962 sunt

262 1979 381 2008 necati;
414 1978 506 2002 mersi
532 1992 563 1996 —-
588 1977 750 2001 conti-ititis
772 1977 795 2001 A
819 1978 854 2007 43
887 1977 1038 2002 mersisibi
1060 1978 1084 2002 A
1112 1979 1141 2007 ις
1172 1977 1322 2001 mei-sisibi
1346 1977 1466 2001 contriti
1488 1984 1516 2000 n.
1539 1977 1561 2000 F
1586 1978 1615 2006 1;
1638 1977 1745 2001 mersis

263 2018 304 2042 ibi
327 2017 525 2047 contritisque
548 2016 570 2040 F
593 2018 619 2041 4.
644 2016 668 2041 G
692 2016 936 2047 (consti-imisque
961 2015 985 2040 G
1007 2015 1054 2047 4);
1087 2016 1192 2040 mersis
1215 2016 1279 2040 sive
1303 2016 1439 2040 contritis
1466 2016 1594 2046 plerique
1615 2016 1652 2039 D.
1675 2016 1687 2040 I
1713 2018 1745 2046 13

262 2057 356 2081 versis
379 2057 442 2080 sive
465 2055 602 2080 contritis
625 2054 646 2079 C
670 2056 693 2080 1.
718 2056 742 2079 2.
765 2055 813 2079 41).
836 2055 862 2079 D
888 2057 918 2085 13
941 2056 1036 2079 versis
1058 2055 1115 2079 sibi
1139 2055 1275 2079 contritis
1300 2055 1320 2078 H
1344 2057 1368 2080 1.
1451 2053 1480 2086 g)
1503 2055 1574 2078 deest
1597 2054 1621 2078 A
1636 2056 1660 2080 1.
1682 2055 1705 2078 F
1720 2057 1744 2080 1.

263 2094 293 2127 h)
316 2098 378 2126 post
400 2094 502 2119 add.G
518 2095 544 2118 1.
598 2094 618 2125 i)
641 2101 714 2119 vero
737 2093 770 2119 O.
794 2094 831 2119 D.
884 2093 915 2125 k)
939 2093 1101 2124 Augu=tiP
1126 2096 1157 2123 13
1182 2094 1321 2124 Agustini
1345 2093 1371 2118 G
1394 2095 1418 2119 1.
1433 2107 1464 2110 —-
1479 2094 1575 2117 sancti
1599 2092 1744 2119 deeslA3.

264 2133 283 2165 1)
306 2134 484 2158 translatam
506 2134 567 2157 1³1.
593 2147 625 2151 —
651 2136 678 2157 et
700 2133 771 2157 deest
795 2133 827 2157 F.
851 2132 887 2157 G.
910 2133 962 2157 Ι2.
1025 2132 1065 2163 m)
1091 2139 1156 2157 eam
1181 2133 1204 2156 A
1226 2133 1252 2156 2.
1277 2132 1302 2157 G
1318 2134 1340 2156 l.
1365 2133 1389 2157 2.
1405 2131 1444 2158 “3.
1508 2131 1538 2163 n)
1562 2135 1647 2156 tanta
1669 2131 1694 2156 A
1720 2135 1745 2159 1,

265 2171 303 2198 ’2,
330 2174 353 2198 2.
387 2173 409 2197 F
435 2174 464 2202 1?
497 2172 573 2196 tanti
604 2172 698 2203 patris
731 2173 754 2196 A
778 2170 817 2197 ·3.
842 2171 870 2196 3.
894 2172 921 2196 4.
956 2172 980 2196 B
1006 2172 1031 2197 2.
1066 2171 1087 2196 C
1112 2173 1136 2195 1.
1161 2172 1186 2196 2.
1220 2172 1247 2196 D
1273 2173 1297 2197 2,
1331 2171 1358 2195 H
1382 2173 1411 2201 13
1445 2172 1521 2195 tanti
1552 2173 1638 2202 patre
1670 2171 1693 2195 E
1718 2173 1746 2197 1.

265 2211 293 2243 ο)
316 2212 370 2236 His
395 2225 428 2231 -
453 2214 495 2235 est
518 2211 573 2236 des.
598 2210 623 2234 A
647 2210 685 2235 ’2.
709 2211 732 2235 Β
757 2211 783 2235 4.
879 2209 909 2242 p)
932 2211 1025 2234 Naria
1043 2210 1068 2234 A
1093 2212 1118 2234 1.
1144 2211 1169 2236 2,
1192 2211 1216 2235 Β
1243 2213 1268 2235 1.
1294 2210 1315 2235 C
1340 2212 1364 2234 1.
1389 2211 1414 2235 2.
1438 2210 1460 2234 F
1484 2210 1510 2241 5,
1532 2217 1607 2234 corr.
1630 2210 1746 2234 Narnia

264 2251 290 2275 D
316 2252 339 2275 1.
363 2250 385 2274 F
410 2251 441 2281 13
473 2250 603 2274 Narnias
625 2250 648 2274 Ε
674 2251 703 2279 1;
736 2249 836 2273 Narua
859 2249 886 2273 H
911 2251 940 2280 l?
972 2249 1088 2274 Narina
1110 2250 1132 2273 F
1155 2250 1181 2274 4.
1207 2249 1232 2273 G
1256 2250 1340 2281 (corr.
1364 2249 1460 2280 Papia
1483 2248 1508 2273 G
1530 2248 1569 2281 4).
1593 2249 1607 2272 1
1631 2249 1662 2279 ·2;
1685 2249 1746 2273 Ma-

265 2291 332 2314 rina
355 2289 378 2314 G
399 2289 443 2313 50.
545 2287 574 2320 q)
598 2289 641 2313 Eo
665 2295 786 2319 quoque
820 2288 841 2313 C
865 2290 890 2312 1.
916 2289 942 2314 2.
975 2289 998 2313 Β
1021 2289 1048 2314 4.
1082 2288 1094 2312 Ι
1120 2290 1150 2318 1;
1184 2289 1228 2312 Eo
1251 2288 1276 2312 A
1299 2286 1341 2313 ‘2.
1364 2289 1387 2312 Β
1413 2288 1437 2312 2.
1460 2288 1486 2312 D
1510 2287 1578 2320 (hoc
1600 2288 1626 2311 D
1651 2288 1689 2319 2).
1711 2288 1744 2312 E.

264 2329 298 2353 F.
324 2328 348 2353 G
380 2327 435 2360 (Eo
458 2330 699 2359 tempotempore
733 2326 758 2352 G
783 2326 827 2359 1),
862 2327 976 2352 Eodem
1009 2327 1034 2352 A
1059 2328 1084 2352 2.
1119 2327 1143 2350 G
1166 2327 1192 2352 5.
1225 2328 1251 2351 H
1276 2329 1300 2351 1.
1404 2328 1429 2355 r)
1452 2327 1598 2351 Ravenna
1621 2326 1646 2351 G
1671 2328 1696 2351 1.
1720 2327 1747 2352 2.

265 2366 289 2399 s)
312 2367 491 2391 Ravennam
524 2367 546 2390 F
571 2368 594 2390 1.
619 2366 644 2391 G
668 2368 693 2390 1.
719 2367 743 2390 2.
844 2365 866 2397 t)
887 2366 1097 2391 defensionem
1119 2367 1142 2390 F
1168 2367 1192 2390 1.
1294 2364 1325 2397 u)
1347 2366 1386 2390 ita
1410 2366 1459 2389 hoc
1480 2366 1538 2389 Ioco
1561 2366 1586 2389 A
1612 2367 1635 2390 1.
1662 2366 1685 2389 G
1711 2366 1745 2395 13

266 2406 431 2437 Spolatinis
453 2406 476 2429 F
501 2407 524 2429 1.
551 2405 575 2430 G
601 2407 632 2436 2;
655 2404 809 2436 Spolentis
834 2404 909 2436 G4;
932 2405 1099 2436 Spolitanis
1121 2405 1162 2429 vel
1184 2405 1357 2436 Spotetanis
1379 2405 1439 2428 alii.
1520 2403 1550 2435 v)
1574 2411 1655 2435 pona
1676 2405 1698 2428 F
1715 2406 1745 2434 1;

265 2451 375 2476 ponam
399 2444 424 2469 G
449 2446 478 2475 13
512 2451 633 2475 pomam
658 2444 683 2469 G
708 2445 739 2472 2;
762 2444 868 2474 positis
902 2443 928 2468 G
950 2444 1001 2472 5e;
1034 2451 1147 2468 erasum
1171 2444 1197 2469 G
1218 2444 1245 2468 4.
1347 2442 1387 2475 w)
1411 2443 1475 2468 Hoc
1506 2443 1530 2467 F
1555 2445 1579 2468 1.
1614 2443 1640 2468 G
1666 2444 1689 2467 l.
1716 2444 1741 2468 2,

267 2482 297 2515 x)
319 2483 462 2514 pontifice
485 2483 507 2507 F
533 2484 557 2508 1.
640 2482 670 2514 y)
694 2483 755 2506 usis
779 2482 804 2506 A
828 2485 840 2506 1
867 2482 937 2515 (ulia
960 2490 1048 2507 manu
1069 2490 1143 2507 corr.
1168 2481 1279 2514 iussis).
1302 2481 1341 2506 ’2.
1366 2483 1391 2508 2.
1415 2483 1438 2506 Β
1460 2483 1484 2506 2.
1508 2482 1534 2506 D
1559 2483 1583 2507 1.
1605 2483 1628 2506 F
1653 2484 1677 2507 1,
1703 2480 1744 2512 G?

267 2523 312 2546 usi
334 2523 360 2546 D
384 2522 414 2552 23
436 2522 508 2546 iusis
533 2521 557 2546 G
582 2523 607 2546 1.
630 2522 653 2545 F
678 2522 702 2545 2.
728 2521 752 2545 G
775 2520 804 2546 ⁸3
826 2529 839 2545 e
861 2529 953 2551 corr.;
978 2522 1058 2546 ausis
1082 2523 1108 2546 D
1134 2522 1160 2547 3.
1262 2521 1289 2552 z)
1316 2522 1513 2546 constitueret
1535 2521 1558 2545 F
1583 2522 1612 2551 13
1636 2522 1744 2545 eonsti-

266 2563 402 2585 tueretur
424 2560 449 2585 G
471 2562 495 2586 1.
521 2562 548 2586 2,
572 2560 611 2585 “3.
638 2575 670 2579 -—
693 2562 760 2584 sunt
782 2561 854 2584 deest
876 2561 909 2585 F.
934 2562 957 2582 G
982 2562 1055 2592 (pose
1076 2562 1168 2592 suppl.
1193 2559 1219 2585 G
1243 2560 1280 2592 l).
1344 2559 1373 2592 a)
1395 2567 1497 2584 novum
1521 2560 1574 2585 inc.
1596 2568 1658 2591 cap.
1681 2560 1704 2584 F
1719 2561 1744 2585 1.

267 2598 296 2631 b)
318 2599 430 2625 Foron.
452 2600 464 2623 I
480 2601 503 2624 1.
557 2598 583 2631 c)
607 2599 868 2624 Montemvellium
891 2599 914 2624 A
930 2600 953 2625 2.
977 2598 1022 2630 ’ὃς
1045 2599 1295 2624 Montembellum
1317 2598 1343 2623 A
1366 2599 1391 2623 3.
1445 2598 1474 2631 d)
1497 2601 1525 2623 ct
1539 2599 1572 2624 Ρ.
1584 2600 1638 2624 des,
1663 2598 1746 2624 (350.

271 2677 304 2716 1)
331 2676 388 2708 Ea:
416 2676 457 2709 G.
483 2683 578 2718 pont.
608 2677 708 2720 Greq.
735 2676 789 2709 II.
903 2677 940 2719 2)
967 2678 1023 2709 Eo:
1051 2678 1164 2709 Beda.
1276 2678 1311 2718 3)
1339 2677 1437 2708 Haec
1470 2688 1604 2719 quoque
1630 2675 1748 2708 omm'a

269 2735 310 2757 ea·
337 2724 377 2757 G.
399 2731 498 2766 pom.
525 2726 694 2766 excerpsit
720 2725 866 2765 Paulus,
894 2737 1151 2767 nonnumquam
1180 2725 1283 2758 verba
1310 2731 1462 2757 mutans.
